DateTime,open,high,low,close,adjusted_close,volume,dividend_amount,totalAssets,totalCurrentAssets,cashAndCashEquivalentsAtCarryingValue,cashAndShortTermInvestments,inventory,currentNetReceivables,totalNonCurrentAssets,propertyPlantEquipment,intangibleAssets,intangibleAssetsExcludingGoodwill,goodwill,shortTermInvestments,totalLiabilities,totalCurrentLiabilities,currentAccountsPayable,shortTermDebt,totalNonCurrentLiabilities,longTermDebt,shortLongTermDebtTotal,totalShareholderEquity,retainedEarnings,commonStockSharesOutstanding,operatingCashflow,depreciationDepletionAndAmortization,capitalExpenditures,cashflowFromInvestment,cashflowFromFinancing,dividendPayout,proceedsFromRepurchaseOfEquity,changeInCashAndCashEquivalents,netIncome,grossProfit,totalRevenue,operatingIncome,sellingGeneralAndAdministrative,researchAndDevelopment,operatingExpenses,interestExpense,depreciationAndAmortization,incomeBeforeTax,netIncomeFromContinuingOperations,ebit,ebitda,reportedEPS,estimatedEPS,surprisePercentage,shares_outstanding_diluted,shares_outstanding_basic,monthly_return,monthly_volatility,price_range_pct,volume_change,profit_margin,operating_margin,gross_margin,current_ratio,debt_to_equity,free_cash_flow,fcf_margin,ebitda_margin,interest_coverage
1999-12-31,102.56,122.12,102.25,107.87,53.316,158626300,0.0,,,,,,,,,,,,,,,,,,,,,,,,,,,,,,,,,,,,,,,,,,,,0.9,0.89,1.1236,,,,,0.18420320756466121,,,,,,,,,,
2000-01-31,112.44,124.75,109.62,112.25,55.4809,175259600,0.0,,,,,,,,,,,,,,,,,,,,,,,,,,,,,,,,,,,,,,,,,,,,0.9,0.89,1.1236,,,0.04060507164828553,,0.1347884187082405,0.10485839989963841,,,,,,,,,
2000-02-29,112.37,119.75,100.94,102.75,50.8367,133524400,0.12,,,,,,,,,,,,,,,,,,,,,,,,,,,,,,,,,,,,,,,,,,,,1.12,1.06,5.6604,,,-0.08370808692721277,,0.18306569343065696,-0.23813360295242025,,,,,,,,,
2000-03-31,102.0,128.25,99.5,118.37,58.5649,194329000,0.0,,,,,,,,,,,,,,,,,,,,,,,,,,,,,,,,,,,,,,,,,,,,1.12,1.06,5.6604,,,0.1520200957182507,0.11792288799385023,0.24288248711666807,0.45538193768329993,,,,,,,,,
2000-04-28,120.0,128.0,101.25,111.5,55.1659,168464800,0.0,,,,,,,,,,,,,,,,,,,,,,,,,,,,,,,,,,,,,,,,,,,,1.12,1.06,5.6604,,,-0.05803817645039944,0.12932594358422397,0.2399103139013453,-0.1330949060613702,,,,,,,,,
2000-05-31,112.5,113.62,102.0,107.31,53.1557,123803200,0.13,,,,,,,,,,,,,,,,,,,,,,,,,,,,,,,,,,,,,,,,,,,,0.83,0.78,6.4103,,,-0.03643917710034639,0.11554789194003548,0.1082844096542727,-0.2651093878365095,,,,,,,,,
2000-06-30,107.56,122.31,105.5,109.56,54.2702,136216300,0.0,,,,,,,,,,,,,,,,,,,,,,,,,,,,,,,,,,,,,,,,,,,,0.83,0.78,6.4103,,,0.020966707239298943,0.04083242987414762,0.15343190945600585,0.10026477506235709,,,,,,,,,
2000-07-31,108.75,117.81,100.0,112.25,55.6027,150130400,0.0,,,,,,,,,,,,,,,,,,,,,,,,,,,,,,,,,,,,,,,,,,,,0.83,0.78,6.4103,,,0.024553069640428804,0.034225603755513645,0.1586636971046771,0.10214709986983928,,,,,,,,,
2000-08-31,112.0,134.25,110.25,132.02,65.4673,121998000,0.13,,,,,,,,,,,,,,,,,,,,,,,,,,,,,,,,,,,,,,,,,,,,1.06,1.0,6.0,,,0.17741224796637556,0.08930658580338408,0.1817906377821542,-0.18738643206172767,,,,,,,,,
2000-09-29,133.06,134.94,110.25,112.62,55.847,107468400,0.0,,,,,,,,,,,,,,,,,,,,,,,,,,,,,,,,,,,,,,,,,,,,1.06,1.0,6.0,,,-0.1469481710716647,0.16226947001967854,0.21923281832711772,-0.11909703437761276,,,,,,,,,
2000-10-31,112.62,119.62,86.94,98.5,48.8451,223510000,0.0,,,,,,,,,,,,,,,,,,,,,,,,,,,,,,,,,,,,,,,,,,,,1.06,1.0,6.0,,,-0.1253764750120866,0.1813633692674956,0.331776649746193,1.0797741475633766,,,,,,,,,
2000-11-30,98.44,104.37,91.62,93.5,46.4259,130411900,0.13,,,,,,,,,,,,,,,,,,,,,,,,,,,,,,,,,,,,,,,,,,,,1.08,1.07,0.9346,,,-0.049527997690658854,0.051168056057875305,0.13636363636363635,-0.416527672139949,,,,,,,,,
2000-12-29,94.44,104.75,80.06,85.0,42.2054,167790700,0.0,,,,,,,,,,,,,,,,,,,,,,,,,,,,,,,,,,,,,,,,,,,,1.08,1.07,0.9346,,,-0.09090830764724,0.037976694883338144,0.2904705882352941,0.2866210828919753,,,,,,,,,
2001-01-31,84.5,116.75,83.75,112.0,55.6118,198962600,0.0,,,,,,,,,,,,,,,,,,,,,,,,,,,,,,,,,,,,,,,,,,,,1.08,1.07,0.9346,,,0.31764655707563505,0.22488758718103868,0.29464285714285715,0.18577847282358317,,,,,,,,,
2001-02-28,112.4,118.64,99.1,99.9,49.6589,156438900,0.13,,,,,,,,,,,,,,,,,,,,,,,,,,,,,,,,,,,,,,,,,,,,1.48,1.46,1.3699,,,-0.10704382882769481,0.24067244559470274,0.19559559559559564,-0.2137271024805667,,,,,,,,,
2001-03-30,99.3,108.4,87.65,96.18,47.8097,254550000,0.0,,,,,,,,,,,,,,,,,,,,,,,,,,,,,,,,,,,,,,,,,,,,1.48,1.46,1.3699,,,-0.03723803789451641,0.22773443893917844,0.21574131836140567,0.6271528373058108,,,,,,,,,
2001-04-30,97.45,118.05,90.05,115.14,57.2345,226210900,0.0,,,,,,,,,,,,,,,,,,,,,,,,,,,,,,,,,,,,,,,,,,,,1.48,1.46,1.3699,,,0.19713154443554326,0.15933434828958645,0.2431822129581379,-0.11133019053231197,,,,,,,,,
2001-05-31,115.85,119.9,110.96,111.8,55.6403,159356200,0.14,,,,,,,,,,,,,,,,,,,,,,,,,,,,,,,,,,,,,,,,,,,,0.98,0.98,0.0,,,-0.027853829421065845,0.13268734110660166,0.07996422182468704,-0.29554146152992633,,,,,,,,,
2001-06-29,112.5,119.0,111.1,113.5,56.4863,142929700,0.0,,,,,,,,,,,,,,,,,,,,,,,,,,,,,,,,,,,,,,,,,,,,0.98,0.98,0.0,,,0.015204806588030584,0.1194220823579121,0.06960352422907494,-0.10308039473832831,,,,,,,,,
2001-07-31,113.5,115.4,101.56,105.21,52.3606,161016400,0.0,,,,,,,,,,,,,,,,,,,,,,,,,,,,,,,,,,,,,,,,,,,,0.98,0.98,0.0,,,-0.07303894926734456,0.04412614802651882,0.1315464309476286,0.12654262899873148,,,,,,,,,
2001-08-31,105.35,110.09,98.86,99.95,49.8097,143401500,0.14,,,,,,,,,,,,,,,,,,,,,,,,,,,,,,,,,,,,,,,,,,,,1.15,1.15,0.0,,,-0.048717929129918236,0.04557884854779116,0.11235617808904456,-0.10939817310534827,,,,,,,,,
2001-09-28,100.15,103.13,87.49,91.72,45.7083,189312500,0.0,,,,,,,,,,,,,,,,,,,,,,,,,,,,,,,,,,,,,,,,,,,,1.15,1.15,0.0,,,-0.08234139133542262,0.01736176190962989,0.17051897078063674,0.32015704159300973,,,,,,,,,
2001-10-31,91.72,112.1,91.34,108.07,53.8562,224351500,0.0,,,,,,,,,,,,,,,,,,,,,,,,,,,,,,,,,,,,,,,,,,,,1.15,1.15,0.0,,,0.17825865324240886,0.14175171332890157,0.19209771444434157,0.18508550676791025,,,,,,,,,
2001-11-30,107.25,117.0,106.9,115.59,57.6746,135136300,0.14,,,,,,,,,,,,,,,,,,,,,,,,,,,,,,,,,,,,,,,,,,,,0.9,0.89,1.1236,,,0.07089991495872328,0.13097148536645226,0.08737780084782415,-0.3976581391254349,,,,,,,,,
2001-12-31,114.8,124.7,113.21,120.96,60.354,133393800,0.0,,,,,,,,,,,,,,,,,,,,,,,,,,,,,,,,,,,,,,,,,,,,0.9,0.89,1.1236,,,0.04645719259431358,0.07011296883294835,0.09499007936507944,-0.012894388850368088,,,,,,,,,
2002-01-31,120.6,126.39,101.0,107.89,53.8326,193562900,0.0,,,,,,,,,,,,,,,,,,,,,,,,,,,,,,,,,,,,,,,,,,,,0.9,0.89,1.1236,,,-0.10805249030718755,0.09703491823166963,0.23533228288071184,0.451063692615399,,,,,,,,,
2002-02-28,107.64,109.3,95.76,98.12,49.0221,172321000,0.14,,,,,,,,,,,,,,,,,,,,,,,,,,,,,,,,,,,,,,,,,,,,1.33,1.32,0.7576,,,-0.0893603504196342,0.08432975275097543,0.1379942927028128,-0.10974158787660238,,,,,,,,,
2002-03-28,98.6,108.85,98.5,104.0,51.9598,151268500,0.0,,,,,,,,,,,,,,,,,,,,,,,,,,,,,,,,,,,,,,,,,,,,1.33,1.32,0.7576,,,0.05992603336046387,0.09206212113683379,0.09951923076923072,-0.12217025202964238,,,,,,,,,
2002-04-30,104.0,104.0,83.34,83.76,41.8476,246503300,0.0,,,,,,,,,,,,,,,,,,,,,,,,,,,,,,,,,,,,,,,,,,,,1.33,1.32,0.7576,,,-0.19461583762832035,0.12790406955745356,0.24665711556829029,0.6295745644334412,,,,,,,,,
2002-05-31,83.85,86.49,75.92,80.45,40.267,172738400,0.15,,,,,,,,,,,,,,,,,,,,,,,,,,,,,,,,,,,,,,,,,,,,0.68,0.69,-1.4493,,,-0.03777038587637038,0.12841122105268127,0.13138595400870096,-0.2992450811003341,,,,,,,,,
2002-06-28,80.75,80.95,66.1,72.0,36.0376,190980700,0.0,,,,,,,,,,,,,,,,,,,,,,,,,,,,,,,,,,,,,,,,,,,,0.68,0.69,-1.4493,,,-0.1050338987260041,0.07868693207223638,0.20625000000000013,0.10560651250677333,,,,,,,,,
2002-07-31,72.01,74.2,65.7,70.4,35.2368,246256900,0.0,,,,,,,,,,,,,,,,,,,,,,,,,,,,,,,,,,,,,,,,,,,,0.68,0.69,-1.4493,,,-0.022221235598374856,0.04401532575806364,0.12073863636363635,0.2894334348968246,,,,,,,,,
2002-08-30,70.4,82.85,65.85,75.38,37.8112,166322300,0.15,,,,,,,,,,,,,,,,,,,,,,,,,,,,,,,,,,,,,,,,,,,,0.89,0.86,3.4884,,,0.07305998274531156,0.08911965585741688,0.22552401167418415,-0.3245984173438389,,,,,,,,,
2002-09-30,74.2,77.5,57.99,58.31,29.2488,185664400,0.0,,,,,,,,,,,,,,,,,,,,,,,,,,,,,,,,,,,,,,,,,,,,0.89,0.86,3.4884,,,-0.2264514218009479,0.15302263502429309,0.33459097924884235,0.11629288435765983,,,,,,,,,
2002-10-31,59.2,79.79,54.01,78.94,39.5969,285626300,0.0,,,,,,,,,,,,,,,,,,,,,,,,,,,,,,,,,,,,,,,,,,,,0.89,0.86,3.4884,,,0.3537957112770438,0.2901741908385215,0.3265771472004055,0.538401007409067,,,,,,,,,
2002-11-29,78.9,88.11,76.7,86.92,43.68,184438100,0.15,,,,,,,,,,,,,,,,,,,,,,,,,,,,,,,,,,,,,,,,,,,,0.99,0.96,3.125,,,0.1031166581222267,0.29101599109558457,0.1312701334560515,-0.3542677967680147,,,,,,,,,
2002-12-31,88.6,89.46,75.6,77.5,38.9461,151563500,0.0,,,,,,,,,,,,,,,,,,,,,,,,,,,,,,,,,,,,,,,,,,,,0.99,0.96,3.125,,,-0.10837683150183142,0.23136296993492295,0.17883870967741936,-0.1782419142248809,,,,,,,,,
2003-01-31,78.8,88.95,77.02,78.2,39.2979,193933500,0.0,,,,,,,,,,,,,,,,,,,,,,,,,,,,,,,,,,,,,,,,,,,,0.99,0.96,3.125,,,0.009032996885439015,0.10596091989267277,0.15255754475703334,0.27955279470321015,,,,,,,,,
2003-02-28,78.2,80.05,74.31,77.95,39.2481,145672700,0.15,,,,,,,,,,,,,,,,,,,,,,,,,,,,,,,,,,,,,,,,,,,,1.34,1.3,3.0769,,,-0.0012672432878092499,0.06501746770026792,0.073636946760744,-0.248852312777318,,,,,,,,,
2003-03-31,78.9,84.9,73.17,78.43,39.4898,191937200,0.0,,,,,,,,,,,,,,,,,,,,,,,,,,,,,,,,,,,,,,,,,,,,1.34,1.3,3.0769,,,0.006158259890287621,0.005315028345264871,0.14956011730205282,0.31759210888519274,,,,,,,,,
2003-04-30,78.5,86.49,78.12,84.9,42.7474,177874300,0.0,,,,,,,,,,,,,,,,,,,,,,,,,,,,,,,,,,,,,,,,,,,,0.79,0.8,-1.25,,,0.08249218785610446,0.046363866968596804,0.09858657243816242,-0.07326823565207785,,,,,,,,,
2003-05-30,85.3,90.4,84.45,88.04,44.4103,149548000,0.16,,,,,,,,,,,,,,,,,,,,,,,,,,,,,,,,,,,,,,,,,,,,0.79,0.8,-1.25,,,0.038900611499179005,0.038295247043752985,0.06758291685597459,-0.159248975259495,,,,,,,,,
2003-06-30,89.0,89.08,79.81,82.5,41.6157,184488300,0.0,,,,,,,,,,,,,,,,,,,,,,,,,,,,,,,,,,,,,,,,,,,,0.79,0.8,-1.25,,,-0.06292684354755551,0.07462768791915754,0.11236363636363632,0.2336393666247627,,,,,,,,,
2003-07-31,81.4,87.03,80.58,81.25,40.9852,153915600,0.0,,,,,,,,,,,,,,,,,,,,,,,,,,,,,,,,,,,,,,,,,,,,0.79,0.8,-1.25,,,-0.01515053213090245,0.05094593974923394,0.07938461538461541,-0.1657161998890987,,,,,,,,,
2003-08-29,81.15,84.72,78.73,82.01,41.4515,113895200,0.16,,,,,,,,,,,,,,,,,,,,,,,,,,,,,,,,,,,,,,,,,,,,0.98,0.98,0.0,,,0.011377277651444917,0.03765501969986908,0.07303987318619674,-0.26001522912557273,,,,,,,,,
2003-09-30,82.4,93.47,82.3,88.33,44.6459,171943100,0.0,,,,,,,,,,,,,,,,,,,,,,,,,,,,,,,,,,,,,,,,,,,,0.98,0.98,0.0,,,0.07706355620423855,0.04747253586626828,0.12645760217366694,0.5096606353911315,,,,,,,,,
2003-10-31,88.75,94.54,87.53,89.48,45.2272,156145400,0.0,,,,,,,,,,,,,,,,,,,,,,,,,,,,,,,,,,,,,,,,,,,,0.98,0.98,0.0,,,0.013020232540950083,0.03745871904894073,0.07834152883325889,-0.09187748737809198,,,,,,,,,
2003-11-28,89.9,91.48,87.72,90.54,45.8449,97966100,0.16,,,,,,,,,,,,,,,,,,,,,,,,,,,,,,,,,,,,,,,,,,,,1.02,1.02,0.0,,,0.01365771040435848,0.036792786805444185,0.04152860614093224,-0.37259695130308035,,,,,,,,,
2003-12-31,90.9,94.12,90.03,92.68,46.9285,116103600,0.0,,,,,,,,,,,,,,,,,,,,,,,,,,,,,,,,,,,,,,,,,,,,1.02,1.02,0.0,,,0.023636216896535833,0.005953655651205528,0.044130340958135554,0.18514057413738016,,,,,,,,,
2004-01-30,92.86,99.85,89.01,99.23,50.2451,139368500,0.0,,,,,,,,,,,,,,,,,,,,,,,,,,,,,,,,,,,,,,,,,,,,1.02,1.02,0.0,,,0.07067347134470525,0.030449058259774935,0.10924115690819297,0.20038052222325575,,,,,,,,,
2004-02-27,99.15,100.43,95.2,96.5,48.9418,97741900,0.16,,,,,,,,,,,,,,,,,,,,,,,,,,,,,,,,,,,,,,,,,,,,1.56,1.5,4.0,,,-0.02593884776824007,0.048311714498866815,0.05419689119170989,-0.29868011781715376,,,,,,,,,
2004-03-31,96.5,97.6,90.28,91.84,46.5784,124483700,0.0,,,,,,,,,,,,,,,,,,,,,,,,,,,,,,,,,,,,,,,,,,,,1.56,1.5,4.0,,,-0.0482900097667025,0.06322687256381755,0.07970383275261317,0.27359607292266674,,,,,,,,,
2004-04-30,91.67,94.55,88.01,88.17,44.7171,110632000,0.0,,,,,,,,,,,,,,,,,,,,,,,,,,,,,,,,,,,,,,,,,,,,1.56,1.5,4.0,,,-0.03996058258763724,0.01129574290871242,0.07417488941816935,-0.11127320283699793,,,,,,,,,
2004-05-28,88.13,89.75,85.12,88.59,45.0216,104707300,0.18,,,,,,,,,,,,,,,,,,,,,,,,,,,,,,,,,,,,,,,,,,,,0.93,0.93,0.0,,,0.006809475569748535,0.029700648089220717,0.05226323512811824,-0.05355322149106945,,,,,,,,,
2004-06-30,88.09,91.21,87.3,88.15,44.798,91968600,0.0,,,,,,,,,,,,,,,,,,,,,,,,,,,,,,,,,,,,,,,,,,,,0.93,0.93,0.0,,,-0.004966504966504859,0.02432658876685241,0.04435621100397046,-0.1216600943773739,,,,,,,,,
2004-07-30,88.28,88.44,83.42,87.07,44.2491,121001000,0.0,,,,,,,,,,,,,,,,,,,,,,,,,,,,,,,,,,,,,,,,,,,,0.93,0.93,0.0,,,-0.012252779141926018,0.009618844903299452,0.057654760537498524,0.3156773072548673,,,,,,,,,
2004-08-31,86.87,87.39,81.9,84.69,43.1324,91169700,0.18,,,,,,,,,,,,,,,,,,,,,,,,,,,,,,,,,,,,,,,,,,,,1.16,1.12,3.5714,,,-0.025236671480323936,0.010267675021740686,0.0648246546227417,-0.24653763192039735,,,,,,,,,
2004-09-30,84.05,87.28,83.24,85.74,43.6672,93906300,0.0,,,,,,,,,,,,,,,,,,,,,,,,,,,,,,,,,,,,,,,,,,,,1.16,1.12,3.5714,,,0.012399031818308481,0.019116918365054428,0.04711919757406119,0.030016551551666826,,,,,,,,,
2004-10-29,85.95,90.27,84.29,89.75,45.7095,118116100,0.0,,,,,,,,,,,,,,,,,,,,,,,,,,,,,,,,,,,,,,,,,,,,1.16,1.12,3.5714,,,0.04676965777517217,0.03601550023786107,0.06662952646239544,0.25780804908722854,,,,,,,,,
2004-11-30,89.33,96.63,89.23,94.24,48.0887,114982100,0.18,,,,,,,,,,,,,,,,,,,,,,,,,,,,,,,,,,,,,,,,,,,,1.17,1.14,2.6316,,,0.05205044903138312,0.021530836692070274,0.07852292020373505,-0.026533216047600616,,,,,,,,,
2004-12-31,94.5,99.0,94.47,98.58,50.3034,108170400,0.0,,,,,,,,,,,,,,,,,,,,,,,,,,,,,,,,,,,,,,,,,,,,1.17,1.14,2.6316,,,0.046054478494947926,0.0032749020435302403,0.0459525258673159,-0.059241394964955396,,,,,,,,,
2005-01-31,98.97,99.1,91.44,93.42,47.6703,114459000,0.0,,,,,,,,,,,,,,,,,,,,,,,,,,,,,,,,,,,,,,,,,,,,1.17,1.14,2.6316,,,-0.052344374336526056,0.05861820685196824,0.0819952900877756,0.058136052006833694,,,,,,,,,
2005-02-28,93.67,94.97,91.55,92.58,47.332,79707700,0.18,,,,,,,,,,,,,,,,,,,,,,,,,,,,,,,,,,,,,,,,,,,,1.81,1.76,2.8409,,,-0.007096661862836973,0.04925229849794603,0.036941023979261196,-0.3036135209987856,,,,,,,,,
2005-03-31,92.64,93.73,89.09,91.38,46.7185,106145200,0.0,,,,,,,,,,,,,,,,,,,,,,,,,,,,,,,,,,,,,,,,,,,,1.81,1.76,2.8409,,,-0.012961632722048533,0.024606075484026782,0.050776975268111195,0.33168062809490184,,,,,,,,,
2005-04-29,91.49,91.76,71.85,76.38,39.0497,216745500,0.0,,,,,,,,,,,,,,,,,,,,,,,,,,,,,,,,,,,,,,,,,,,,0.85,0.9,-5.5556,,,-0.16414910581461295,0.08902950826787716,0.26067033254778754,1.0419717519021114,,,,,,,,,
2005-05-31,76.88,78.11,72.5,75.55,38.728,138416000,0.2,,,,,,,,,,,,,,,,,,,,,,,,,,,,,,,,,,,,,,,,,,,,0.85,0.9,-5.5556,,,-0.008238219499765664,0.0886831129397104,0.07425545996029119,-0.361389279131516,,,,,,,,,
2005-06-30,75.57,77.73,73.45,74.2,38.036,135542800,0.0,,,,,,,,,,,,,,,,,,,,,,,,,,,,,,,,,,,,,,,,,,,,0.85,0.9,-5.5556,,,-0.017868209047717465,0.08736803565864544,0.05768194070080864,-0.020757715870997617,,,,,,,,,
2005-07-29,74.3,85.11,74.16,83.46,42.7828,156801500,0.0,,,,,,,,,,,,,,,,,,,,,,,,,,,,,,,,,,,,,,,,,,,,0.85,0.9,-5.5556,,,0.12479756020612043,0.07973369958538654,0.13120057512580882,0.15684123391283045,,,,,,,,,
2005-08-31,83.0,84.2,79.87,80.62,41.4261,105031100,0.2,,,,,,,,,,,,,,,,,,,,,,,,,,,,,,,,,,,,,,,,,,,,1.12,1.03,8.7379,,,-0.03171134194115399,0.08664120507052804,0.053708757132225234,-0.33016520887874157,,,,,,,,,
2005-09-30,80.16,82.11,76.93,80.22,41.2206,115681400,0.0,,,,,,,,,,,,,,,,,,,,,,,,,,,,,,,,,,,,,,,,,,,,1.12,1.03,8.7379,,,-0.004960640755465762,0.08371362611313493,0.06457242582897024,0.10140139444412188,,,,,,,,,
2005-10-31,80.22,84.6,78.7,81.88,42.0735,139881800,0.0,,,,,,,,,,,,,,,,,,,,,,,,,,,,,,,,,,,,,,,,,,,,1.12,1.03,8.7379,,,0.020691110755302056,0.02620314681515843,0.07205666829506585,0.20919871301695858,,,,,,,,,
2005-11-30,81.85,89.94,80.64,88.9,45.7906,110664500,0.2,101009000000.0,39143000000.0,8252000000.0,8252000000.0,3290000000.0,23326000000.0,61866000000.0,14042000000.0,11061000000.0,11061000000.0,9324000000.0,2000000.0,70774000000.0,29964000000.0,22016000000.0,4050000000.0,40810000000.0,17372000000.0,21422000000.0,30235000000.0,41897000000.0,1617200000.0,4280000000.0,1239000000.0,1030000000.0,-974000000.0,-3712000000.0,319000000.0,,,1516000000.0,8738000000.0,21529000000.0,2659000000.0,4632000000.0,1447000000.0,6079000000.0,56000000.0,1239000000.0,2915000000.0,0.0,2971000000.0,4210000000.0,1.26,1.13,11.5044,,,0.08834777235076707,0.04820424630364847,0.10461192350956126,-0.20887134709447552,0.07041664731292675,0.12350782665242231,0.40587115054113054,1.3063342677880123,2.340797089465851,3250000000.0,0.15095917135027173,0.19555018811835198,53.05357142857143
2005-12-30,89.15,89.92,81.56,82.2,42.3396,120052400,0.0,101009000000.0,39143000000.0,8252000000.0,8252000000.0,3290000000.0,23326000000.0,61866000000.0,14042000000.0,11061000000.0,11061000000.0,9324000000.0,2000000.0,70774000000.0,29964000000.0,22016000000.0,4050000000.0,40810000000.0,17372000000.0,21422000000.0,30235000000.0,41897000000.0,1617200000.0,4280000000.0,1239000000.0,1030000000.0,-974000000.0,-3712000000.0,319000000.0,,,1516000000.0,8738000000.0,21529000000.0,2659000000.0,4632000000.0,1447000000.0,6079000000.0,56000000.0,1239000000.0,2915000000.0,0.0,2971000000.0,4210000000.0,1.26,1.13,11.5044,,,-0.07536481286552266,0.08226580383032178,0.10170316301703163,0.08483208255583308,0.07041664731292675,0.12350782665242231,0.40587115054113054,1.3063342677880123,2.340797089465851,3250000000.0,0.15095917135027173,0.19555018811835198,53.05357142857143
2006-01-31,82.45,85.03,80.21,81.3,41.876,146491600,0.0,101009000000.0,39143000000.0,8252000000.0,8252000000.0,3290000000.0,23326000000.0,61866000000.0,14042000000.0,11061000000.0,11061000000.0,9324000000.0,2000000.0,70774000000.0,29964000000.0,22016000000.0,4050000000.0,40810000000.0,17372000000.0,21422000000.0,30235000000.0,41897000000.0,1617200000.0,4280000000.0,1239000000.0,1030000000.0,-974000000.0,-3712000000.0,319000000.0,,,1516000000.0,8738000000.0,21529000000.0,2659000000.0,4632000000.0,1447000000.0,6079000000.0,56000000.0,1239000000.0,2915000000.0,0.0,2971000000.0,4210000000.0,1.26,1.13,11.5044,,,-0.0109495602225812,0.0824733245635996,0.05928659286592875,0.22023049934861771,0.07041664731292675,0.12350782665242231,0.40587115054113054,1.3063342677880123,2.340797089465851,3250000000.0,0.15095917135027173,0.19555018811835198,53.05357142857143
2006-02-28,80.9,82.24,78.93,80.24,41.4323,111052200,0.2,105748000000.0,45661000000.0,12568000000.0,12568000000.0,2841000000.0,24428000000.0,60087000000.0,13756000000.0,1663000000.0,1663000000.0,9441000000.0,1118000000.0,72650000000.0,35152000000.0,7349000000.0,7216000000.0,37498000000.0,15425000000.0,22641000000.0,33098000000.0,44734000000.0,1564500000.0,5428000000.0,1329000000.0,2179000000.0,-1431000000.0,496000000.0,316000000.0,,,3160000000.0,10765000000.0,24427000000.0,4054000000.0,5252000000.0,1459000000.0,6711000000.0,189000000.0,1329000000.0,4568000000.0,0.0,7124000000.0,8453000000.0,2.11,1.94,8.7629,,,-0.010595567867035971,0.03729277226960515,0.04125124626121621,-0.24192103847592628,0.12936504687436035,0.1659638924141319,0.440700863798256,1.2989588074647247,2.1949966765363467,3249000000.0,0.13300855610594833,0.3460515003889139,37.6931216931217
2006-03-31,80.01,84.99,79.51,82.47,42.5838,111514900,0.0,105748000000.0,45661000000.0,12568000000.0,12568000000.0,2841000000.0,24428000000.0,60087000000.0,13756000000.0,1663000000.0,1663000000.0,9441000000.0,1118000000.0,72650000000.0,35152000000.0,7349000000.0,7216000000.0,37498000000.0,15425000000.0,22641000000.0,33098000000.0,44734000000.0,1564500000.0,5428000000.0,1329000000.0,2179000000.0,-1431000000.0,496000000.0,316000000.0,,,3160000000.0,10765000000.0,24427000000.0,4054000000.0,5252000000.0,1459000000.0,6711000000.0,189000000.0,1329000000.0,4568000000.0,0.0,7124000000.0,8453000000.0,2.11,1.94,8.7629,,,0.027792326276842028,0.022266153300931787,0.06644840548078076,0.004166509083115777,0.12936504687436035,0.1659638924141319,0.440700863798256,1.2989588074647247,2.1949966765363467,3249000000.0,0.13300855610594833,0.3460515003889139,37.6931216931217
2006-04-28,82.72,84.45,80.63,82.34,42.5166,114007000,0.0,105748000000.0,45661000000.0,12568000000.0,12568000000.0,2841000000.0,24428000000.0,60087000000.0,13756000000.0,1663000000.0,1663000000.0,9441000000.0,1118000000.0,72650000000.0,35152000000.0,7349000000.0,7216000000.0,37498000000.0,15425000000.0,22641000000.0,33098000000.0,44734000000.0,1564500000.0,5428000000.0,1329000000.0,2179000000.0,-1431000000.0,496000000.0,316000000.0,,,3160000000.0,10765000000.0,24427000000.0,4054000000.0,5252000000.0,1459000000.0,6711000000.0,189000000.0,1329000000.0,4568000000.0,0.0,7124000000.0,8453000000.0,2.11,1.94,8.7629,,,-0.001578064897918896,0.02007305679411295,0.046393004615011016,0.02234768627331407,0.12936504687436035,0.1659638924141319,0.440700863798256,1.2989588074647247,2.1949966765363467,3249000000.0,0.13300855610594833,0.3460515003889139,37.6931216931217
2006-05-31,82.59,83.69,79.0,79.9,41.4061,113146500,0.3,102468000000.0,41583000000.0,9135000000.0,9135000000.0,2952000000.0,21894000000.0,60885000000.0,13712000000.0,1715000000.0,1715000000.0,10121000000.0,3167000000.0,69737000000.0,33268000000.0,22213000000.0,7160000000.0,36469000000.0,15325000000.0,22485000000.0,32731000000.0,46096000000.0,1587200000.0,3106000000.0,1208000000.0,976000000.0,-4008000000.0,-2553000000.0,313000000.0,,,1708000000.0,7505000000.0,20076000000.0,1447000000.0,4602000000.0,1456000000.0,6058000000.0,66000000.0,1208000000.0,2440000000.0,0.0,2506000000.0,3714000000.0,1.08,1.05,2.8571,,,-0.026119209908600283,0.026991793228276,0.058698372966207724,-0.0075477821537274226,0.08507670850767085,0.07207611077903965,0.3738294480972305,1.2499398821690513,2.130610124957991,2130000000.0,0.10609683203825464,0.184997011356844,37.96969696969697
2006-06-30,79.89,80.87,76.06,76.82,39.8099,139457800,0.0,102468000000.0,41583000000.0,9135000000.0,9135000000.0,2952000000.0,21894000000.0,60885000000.0,13712000000.0,1715000000.0,1715000000.0,10121000000.0,3167000000.0,69737000000.0,33268000000.0,22213000000.0,7160000000.0,36469000000.0,15325000000.0,22485000000.0,32731000000.0,46096000000.0,1587200000.0,3106000000.0,1208000000.0,976000000.0,-4008000000.0,-2553000000.0,313000000.0,,,1708000000.0,7505000000.0,20076000000.0,1447000000.0,4602000000.0,1456000000.0,6058000000.0,66000000.0,1208000000.0,2440000000.0,0.0,2506000000.0,3714000000.0,1.08,1.05,2.8571,,,-0.03854987550143585,0.018813576767937885,0.0626139026295236,0.2325418815429554,0.08507670850767085,0.07207611077903965,0.3738294480972305,1.2499398821690513,2.130610124957991,2130000000.0,0.10609683203825464,0.184997011356844,37.96969696969697
2006-07-31,77.54,78.53,72.73,77.41,40.1157,137188300,0.0,102468000000.0,41583000000.0,9135000000.0,9135000000.0,2952000000.0,21894000000.0,60885000000.0,13712000000.0,1715000000.0,1715000000.0,10121000000.0,3167000000.0,69737000000.0,33268000000.0,22213000000.0,7160000000.0,36469000000.0,15325000000.0,22485000000.0,32731000000.0,46096000000.0,1587200000.0,3106000000.0,1208000000.0,976000000.0,-4008000000.0,-2553000000.0,313000000.0,,,1708000000.0,7505000000.0,20076000000.0,1447000000.0,4602000000.0,1456000000.0,6058000000.0,66000000.0,1208000000.0,2440000000.0,0.0,2506000000.0,3714000000.0,1.08,1.05,2.8571,,,0.007681506358971024,0.023924710154999956,0.07492572019118973,-0.0162737401565205,0.08507670850767085,0.07207611077903965,0.3738294480972305,1.2499398821690513,2.130610124957991,2130000000.0,0.10609683203825464,0.184997011356844,37.96969696969697
2006-08-31,76.86,81.68,74.9,80.97,42.1277,100880300,0.3,103377000000.0,39591000000.0,7100000000.0,7100000000.0,3111000000.0,22336000000.0,63786000000.0,13963000000.0,1657000000.0,1657000000.0,10324000000.0,2890000000.0,69828000000.0,34118000000.0,22395000000.0,7907000000.0,35710000000.0,13872000000.0,21779000000.0,33549000000.0,47647000000.0,1560100000.0,2564000000.0,1247000000.0,1126000000.0,-963000000.0,-3693000000.0,463000000.0,,,2022000000.0,8434000000.0,21310000000.0,1996000000.0,4916000000.0,1522000000.0,6438000000.0,72000000.0,1247000000.0,2889000000.0,0.0,2961000000.0,4208000000.0,1.3,1.29,0.7752,,,0.0501549268740169,0.04436566631123444,0.08373471656168953,-0.2646581377566454,0.09488503050211168,0.09366494603472549,0.395776630689817,1.1604138577876781,2.0813735133685056,1438000000.0,0.0674800563115908,0.1974659784138902,41.125
2006-09-29,81.13,83.79,79.31,81.94,42.6323,102776100,0.0,103377000000.0,39591000000.0,7100000000.0,7100000000.0,3111000000.0,22336000000.0,63786000000.0,13963000000.0,1657000000.0,1657000000.0,10324000000.0,2890000000.0,69828000000.0,34118000000.0,22395000000.0,7907000000.0,35710000000.0,13872000000.0,21779000000.0,33549000000.0,47647000000.0,1560100000.0,2564000000.0,1247000000.0,1126000000.0,-963000000.0,-3693000000.0,463000000.0,,,2022000000.0,8434000000.0,21310000000.0,1996000000.0,4916000000.0,1522000000.0,6438000000.0,72000000.0,1247000000.0,2889000000.0,0.0,2961000000.0,4208000000.0,1.3,1.29,0.7752,,,0.011977867293965883,0.02338068307282188,0.05467415181840376,0.01879256901496129,0.09488503050211168,0.09366494603472549,0.395776630689817,1.1604138577876781,2.0813735133685056,1438000000.0,0.0674800563115908,0.1974659784138902,41.125
2006-10-31,81.76,92.68,81.56,92.33,48.0381,170367300,0.0,103377000000.0,39591000000.0,7100000000.0,7100000000.0,3111000000.0,22336000000.0,63786000000.0,13963000000.0,1657000000.0,1657000000.0,10324000000.0,2890000000.0,69828000000.0,34118000000.0,22395000000.0,7907000000.0,35710000000.0,13872000000.0,21779000000.0,33549000000.0,47647000000.0,1560100000.0,2564000000.0,1247000000.0,1126000000.0,-963000000.0,-3693000000.0,463000000.0,,,2022000000.0,8434000000.0,21310000000.0,1996000000.0,4916000000.0,1522000000.0,6438000000.0,72000000.0,1247000000.0,2889000000.0,0.0,2961000000.0,4208000000.0,1.3,1.29,0.7752,,,0.12680057139774292,0.058475487856507954,0.12043756092277705,0.657654843879073,0.09488503050211168,0.09366494603472549,0.395776630689817,1.1604138577876781,2.0813735133685056,1438000000.0,0.0674800563115908,0.1974659784138902,41.125
2006-11-30,92.5,94.05,90.43,91.92,47.9798,104430000,0.3,104155000000.0,40668000000.0,8484000000.0,8484000000.0,3134000000.0,22683000000.0,63487000000.0,14059000000.0,1599000000.0,1599000000.0,10337000000.0,2417000000.0,69907000000.0,34929000000.0,22249000000.0,8555000000.0,34978000000.0,13436000000.0,21991000000.0,34248000000.0,49402000000.0,1534300000.0,4006000000.0,1228000000.0,1259000000.0,-945000000.0,-1655000000.0,455000000.0,-1627000000.0,,2222000000.0,8901000000.0,22026000000.0,2236000000.0,5121000000.0,1543000000.0,6664000000.0,70000000.0,1228000000.0,3174000000.0,0.0,3244000000.0,4472000000.0,1.45,1.35,7.4074,,,-0.0012136200224406313,0.07041058386384563,0.039382071366405466,-0.38703025756703313,0.10088077726323436,0.10151638972123854,0.4041133206210842,1.1643047324572704,2.041199486101378,2747000000.0,0.124716244438391,0.20303277944247708,46.34285714285714
2006-12-29,91.9,97.88,90.55,97.15,50.7097,104470200,0.0,104155000000.0,40668000000.0,8484000000.0,8484000000.0,3134000000.0,22683000000.0,63487000000.0,14059000000.0,1599000000.0,1599000000.0,10337000000.0,2417000000.0,69907000000.0,34929000000.0,22249000000.0,8555000000.0,34978000000.0,13436000000.0,21991000000.0,34248000000.0,49402000000.0,1534300000.0,4006000000.0,1228000000.0,1259000000.0,-945000000.0,-1655000000.0,455000000.0,-1627000000.0,,2222000000.0,8901000000.0,22026000000.0,2236000000.0,5121000000.0,1543000000.0,6664000000.0,70000000.0,1228000000.0,3174000000.0,0.0,3244000000.0,4472000000.0,1.45,1.35,7.4074,,,0.056896860762237544,0.06409756878202987,0.07545033453422541,0.0003849468543521972,0.10088077726323436,0.10151638972123854,0.4041133206210842,1.1643047324572704,2.041199486101378,2747000000.0,0.124716244438391,0.20303277944247708,46.34285714285714
2007-01-31,97.17,100.9,94.55,99.15,51.7536,192702000,0.0,104155000000.0,40668000000.0,8484000000.0,8484000000.0,3134000000.0,22683000000.0,63487000000.0,14059000000.0,1599000000.0,1599000000.0,10337000000.0,2417000000.0,69907000000.0,34929000000.0,22249000000.0,8555000000.0,34978000000.0,13436000000.0,21991000000.0,34248000000.0,49402000000.0,1534300000.0,4006000000.0,1228000000.0,1259000000.0,-945000000.0,-1655000000.0,455000000.0,-1627000000.0,,2222000000.0,8901000000.0,22026000000.0,2236000000.0,5121000000.0,1543000000.0,6664000000.0,70000000.0,1228000000.0,3174000000.0,0.0,3244000000.0,4472000000.0,1.45,1.35,7.4074,,,0.02058580508265684,0.029355679962898777,0.06404437720625324,0.8445642872321486,0.10088077726323436,0.10151638972123854,0.4041133206210842,1.1643047324572704,2.041199486101378,2747000000.0,0.124716244438391,0.20303277944247708,46.34285714285714
2007-02-28,98.97,100.44,92.47,92.94,48.6584,125776200,0.3,103234000000.0,44660000000.0,8022000000.0,8022000000.0,2810000000.0,26848000000.0,58574000000.0,14440000000.0,2203000000.0,2203000000.0,12854000000.0,2634000000.0,74728000000.0,40091000000.0,7964000000.0,8902000000.0,34637000000.0,13780000000.0,22682000000.0,28506000000.0,52432000000.0,1499500000.0,5343000000.0,1300000000.0,1805000000.0,-5633000000.0,-303000000.0,452000000.0,,,3540000000.0,11701000000.0,26258000000.0,4495000000.0,5620000000.0,1587000000.0,7207000000.0,71000000.0,1300000000.0,4814000000.0,0.0,4885000000.0,6185000000.0,2.26,2.19,3.1963,,,-0.059806467569405775,0.0597230791660038,0.08575425005379814,-0.3473020518728399,0.1348160560591058,0.17118592428974028,0.4456165739964963,1.1139657279688708,2.621483196520031,3538000000.0,0.13473988879579557,0.235547261786884,68.80281690140845
2007-03-30,90.25,95.81,88.77,94.26,49.3495,163194500,0.0,103234000000.0,44660000000.0,8022000000.0,8022000000.0,2810000000.0,26848000000.0,58574000000.0,14440000000.0,2203000000.0,2203000000.0,12854000000.0,2634000000.0,74728000000.0,40091000000.0,7964000000.0,8902000000.0,34637000000.0,13780000000.0,22682000000.0,28506000000.0,52432000000.0,1499500000.0,5343000000.0,1300000000.0,1805000000.0,-5633000000.0,-303000000.0,452000000.0,,,3540000000.0,11701000000.0,26258000000.0,4495000000.0,5620000000.0,1587000000.0,7207000000.0,71000000.0,1300000000.0,4814000000.0,0.0,4885000000.0,6185000000.0,2.26,2.19,3.1963,,,0.014203097512454077,0.044686075724055946,0.07468703585826443,0.2974990498997425,0.1348160560591058,0.17118592428974028,0.4456165739964963,1.1139657279688708,2.621483196520031,3538000000.0,0.13473988879579557,0.235547261786884,68.80281690140845
2007-04-30,94.51,103.0,93.911,102.21,53.5117,166807200,0.0,103234000000.0,44660000000.0,8022000000.0,8022000000.0,2810000000.0,26848000000.0,58574000000.0,14440000000.0,2203000000.0,2203000000.0,12854000000.0,2634000000.0,74728000000.0,40091000000.0,7964000000.0,8902000000.0,34637000000.0,13780000000.0,22682000000.0,28506000000.0,52432000000.0,1499500000.0,5343000000.0,1300000000.0,1805000000.0,-5633000000.0,-303000000.0,452000000.0,,,3540000000.0,11701000000.0,26258000000.0,4495000000.0,5620000000.0,1587000000.0,7207000000.0,71000000.0,1300000000.0,4814000000.0,0.0,4885000000.0,6185000000.0,2.26,2.19,3.1963,,,0.08434128005349595,0.0720825377819556,0.08892476274337148,0.022137388208548714,0.1348160560591058,0.17118592428974028,0.4456165739964963,1.1139657279688708,2.621483196520031,3538000000.0,0.13473988879579557,0.235547261786884,68.80281690140845
2007-05-31,102.06,108.05,101.35,106.6,56.0262,146441400,0.4,101619000000.0,42446000000.0,6953000000.0,6953000000.0,2912000000.0,24017000000.0,59173000000.0,14414000000.0,2157000000.0,2157000000.0,13103000000.0,3829000000.0,73810000000.0,36763000000.0,6859000000.0,9661000000.0,37047000000.0,14285000000.0,23946000000.0,27809000000.0,53878000000.0,1522800000.0,3013000000.0,1240000000.0,1132000000.0,-2418000000.0,-1717000000.0,452000000.0,-3398000000.0,,1844000000.0,8245000000.0,21408000000.0,1647000000.0,5089000000.0,1509000000.0,6598000000.0,73000000.0,1240000000.0,2579000000.0,0.0,2652000000.0,3892000000.0,1.21,1.21,0.0,,,0.046989723742658196,0.035093841502846085,0.06285178236397751,-0.12209185215026686,0.08613602391629298,0.07693385650224215,0.3851363976083707,1.1545847727334548,2.6541767053831493,1881000000.0,0.08786434977578475,0.18180119581464874,36.32876712328767
2007-06-29,106.62,107.24,101.56,105.25,55.3166,169602000,0.0,101619000000.0,42446000000.0,6953000000.0,6953000000.0,2912000000.0,24017000000.0,59173000000.0,14414000000.0,2157000000.0,2157000000.0,13103000000.0,3829000000.0,73810000000.0,36763000000.0,6859000000.0,9661000000.0,37047000000.0,14285000000.0,23946000000.0,27809000000.0,53878000000.0,1522800000.0,3013000000.0,1240000000.0,1132000000.0,-2418000000.0,-1717000000.0,452000000.0,-3398000000.0,,1844000000.0,8245000000.0,21408000000.0,1647000000.0,5089000000.0,1509000000.0,6598000000.0,73000000.0,1240000000.0,2579000000.0,0.0,2652000000.0,3892000000.0,1.21,1.21,0.0,,,-0.012665502925417016,0.04892886123679806,0.053966745843230336,0.15815609520258622,0.08613602391629298,0.07693385650224215,0.3851363976083707,1.1545847727334548,2.6541767053831493,1881000000.0,0.08786434977578475,0.18180119581464874,36.32876712328767
2007-07-31,105.39,118.82,104.58,110.65,58.1547,212757600,0.0,101619000000.0,42446000000.0,6953000000.0,6953000000.0,2912000000.0,24017000000.0,59173000000.0,14414000000.0,2157000000.0,2157000000.0,13103000000.0,3829000000.0,73810000000.0,36763000000.0,6859000000.0,9661000000.0,37047000000.0,14285000000.0,23946000000.0,27809000000.0,53878000000.0,1522800000.0,3013000000.0,1240000000.0,1132000000.0,-2418000000.0,-1717000000.0,452000000.0,-3398000000.0,,1844000000.0,8245000000.0,21408000000.0,1647000000.0,5089000000.0,1509000000.0,6598000000.0,73000000.0,1240000000.0,2579000000.0,0.0,2652000000.0,3892000000.0,1.21,1.21,0.0,,,0.05130647942932143,0.03575330981152363,0.1286940804338002,0.25445218806382,0.08613602391629298,0.07693385650224215,0.3851363976083707,1.1545847727334548,2.6541767053831493,1881000000.0,0.08786434977578475,0.18180119581464874,36.32876712328767
2007-08-31,110.39,117.35,103.7,116.69,61.5463,202871500,0.4,102548000000.0,42293000000.0,7010000000.0,7010000000.0,2848000000.0,24287000000.0,60255000000.0,14479000000.0,2090000000.0,2090000000.0,13201000000.0,3179000000.0,85792000000.0,48084000000.0,6653000000.0,20543000000.0,37708000000.0,14179000000.0,34722000000.0,16756000000.0,55503000000.0,1460800000.0,3446000000.0,1284000000.0,1110000000.0,-151000000.0,-3291000000.0,592000000.0,-14807000000.0,,2261000000.0,9336000000.0,23170000000.0,2171000000.0,5631000000.0,1534000000.0,7165000000.0,130000000.0,1284000000.0,3142000000.0,0.0,3272000000.0,4556000000.0,1.5,1.47,2.0408,,,0.05832030773093155,0.03911647911127827,0.11697660467906412,-0.046466495203931646,0.09758308157099697,0.09369874838152784,0.40293482952093224,0.8795649280425921,5.12007639054667,2336000000.0,0.1008200258955546,0.19663357790246008,25.16923076923077
2007-09-28,116.34,118.89,114.3,117.8,62.1318,132233800,0.0,102548000000.0,42293000000.0,7010000000.0,7010000000.0,2848000000.0,24287000000.0,60255000000.0,14479000000.0,2090000000.0,2090000000.0,13201000000.0,3179000000.0,85792000000.0,48084000000.0,6653000000.0,20543000000.0,37708000000.0,14179000000.0,34722000000.0,16756000000.0,55503000000.0,1460800000.0,3446000000.0,1284000000.0,1110000000.0,-151000000.0,-3291000000.0,592000000.0,-14807000000.0,,2261000000.0,9336000000.0,23170000000.0,2171000000.0,5631000000.0,1534000000.0,7165000000.0,130000000.0,1284000000.0,3142000000.0,0.0,3272000000.0,4556000000.0,1.5,1.47,2.0408,,,0.009513163260829627,0.02638816785079185,0.03896434634974536,-0.348189371104369,0.09758308157099697,0.09369874838152784,0.40293482952093224,0.8795649280425921,5.12007639054667,2336000000.0,0.1008200258955546,0.19663357790246008,25.16923076923077
2007-10-31,117.61,121.46,110.96,116.12,61.2457,171669000,0.0,102548000000.0,42293000000.0,7010000000.0,7010000000.0,2848000000.0,24287000000.0,60255000000.0,14479000000.0,2090000000.0,2090000000.0,13201000000.0,3179000000.0,85792000000.0,48084000000.0,6653000000.0,20543000000.0,37708000000.0,14179000000.0,34722000000.0,16756000000.0,55503000000.0,1460800000.0,3446000000.0,1284000000.0,1110000000.0,-151000000.0,-3291000000.0,592000000.0,-14807000000.0,,2261000000.0,9336000000.0,23170000000.0,2171000000.0,5631000000.0,1534000000.0,7165000000.0,130000000.0,1284000000.0,3142000000.0,0.0,3272000000.0,4556000000.0,1.5,1.47,2.0408,,,-0.014261618044222102,0.03700340868680969,0.09042369962108164,0.2982232984305071,0.09758308157099697,0.09369874838152784,0.40293482952093224,0.8795649280425921,5.12007639054667,2336000000.0,0.1008200258955546,0.19663357790246008,25.16923076923077
2007-11-30,115.5,116.09,99.27,105.18,55.6753,200920600,0.4,108609000000.0,46588000000.0,9295000000.0,9295000000.0,2855000000.0,24801000000.0,62021000000.0,14836000000.0,2162000000.0,2162000000.0,13843000000.0,4528000000.0,88063000000.0,45011000000.0,6732000000.0,16546000000.0,43052000000.0,18775000000.0,35321000000.0,20546000000.0,57298000000.0,1405800000.0,4484000000.0,1340000000.0,1297000000.0,-3204000000.0,889000000.0,549000000.0,-152000000.0,,2362000000.0,9956000000.0,24119000000.0,3108000000.0,5324000000.0,1524000000.0,6848000000.0,193000000.0,1340000000.0,3280000000.0,0.0,3473000000.0,4813000000.0,1.68,1.68,0.0,,,-0.09095169130240977,0.052503642040119695,0.15991633390378404,0.17039535384955928,0.09793109167046726,0.12886106389153779,0.4127865997761101,1.0350358801181934,4.286138421103865,3187000000.0,0.13213648990422489,0.19955222024130354,17.99481865284974
2007-12-31,105.45,112.19,104.0,108.1,57.221,134151600,0.0,108609000000.0,46588000000.0,9295000000.0,9295000000.0,2855000000.0,24801000000.0,62021000000.0,14836000000.0,2162000000.0,2162000000.0,13843000000.0,4528000000.0,88063000000.0,45011000000.0,6732000000.0,16546000000.0,43052000000.0,18775000000.0,35321000000.0,20546000000.0,57298000000.0,1405800000.0,4484000000.0,1340000000.0,1297000000.0,-3204000000.0,889000000.0,549000000.0,-152000000.0,,2362000000.0,9956000000.0,24119000000.0,3108000000.0,5324000000.0,1524000000.0,6848000000.0,193000000.0,1340000000.0,3280000000.0,0.0,3473000000.0,4813000000.0,1.68,1.68,0.0,,,0.027762760146779586,0.060194873371919484,0.07576318223866789,-0.332315352432752,0.09793109167046726,0.12886106389153779,0.4127865997761101,1.0350358801181934,4.286138421103865,3187000000.0,0.13213648990422489,0.19955222024130354,17.99481865284974
2008-01-31,108.99,108.99,97.04,107.11,56.6969,247523900,0.0,120431000000.0,53177000000.0,14991000000.0,14991000000.0,2664000000.0,28789000000.0,67254000000.0,15081000000.0,2107000000.0,2107000000.0,14285000000.0,1155000000.0,91961000000.0,44310000000.0,8054000000.0,12235000000.0,47651000000.0,23039000000.0,35274000000.0,28470000000.0,60640000000.0,1383000000.0,5160000000.0,1337000000.0,1966000000.0,1098000000.0,-621000000.0,554000000.0,-471000000.0,,3951000000.0,14821000000.0,30718000000.0,7220000000.0,6016000000.0,1585000000.0,7601000000.0,215000000.0,1337000000.0,5488000000.0,0.0,5703000000.0,7040000000.0,2.8,2.6,7.6923,,,-0.009159224760140416,0.06075409661827626,0.1115675473811968,0.8451058354876124,0.1286216550556677,0.23504134383748942,0.4824858389218048,1.2001128413450688,3.230101861608711,3194000000.0,0.10397812357575363,0.22918158734292599,26.525581395348837
2008-02-29,107.21,116.63,100.6,113.86,60.5027,168280800,0.4,120431000000.0,53177000000.0,14991000000.0,14991000000.0,2664000000.0,28789000000.0,67254000000.0,15081000000.0,2107000000.0,2107000000.0,14285000000.0,1155000000.0,91961000000.0,44310000000.0,8054000000.0,12235000000.0,47651000000.0,23039000000.0,35274000000.0,28470000000.0,60640000000.0,1383000000.0,5160000000.0,1337000000.0,1966000000.0,1098000000.0,-621000000.0,554000000.0,-471000000.0,,3951000000.0,14821000000.0,30718000000.0,7220000000.0,6016000000.0,1585000000.0,7601000000.0,215000000.0,1337000000.0,5488000000.0,0.0,5703000000.0,7040000000.0,2.8,2.6,7.6923,,,0.06712536311509099,0.038148800394424066,0.1407869313191639,-0.3201432265732723,0.1286216550556677,0.23504134383748942,0.4824858389218048,1.2001128413450688,3.230101861608711,3194000000.0,0.10397812357575363,0.22918158734292599,26.525581395348837
2008-03-31,114.09,119.79,111.8,115.14,61.1828,179284200,0.0,120431000000.0,53177000000.0,14991000000.0,14991000000.0,2664000000.0,28789000000.0,67254000000.0,15081000000.0,2107000000.0,2107000000.0,14285000000.0,1155000000.0,91961000000.0,44310000000.0,8054000000.0,12235000000.0,47651000000.0,23039000000.0,35274000000.0,28470000000.0,60640000000.0,1383000000.0,5160000000.0,1337000000.0,1966000000.0,1098000000.0,-621000000.0,554000000.0,-471000000.0,,3951000000.0,14821000000.0,30718000000.0,7220000000.0,6016000000.0,1585000000.0,7601000000.0,215000000.0,1337000000.0,5488000000.0,0.0,5703000000.0,7040000000.0,2.8,2.6,7.6923,,,0.011240820657590467,0.03949384400558223,0.06939378148341158,0.06538713863970225,0.1286216550556677,0.23504134383748942,0.4824858389218048,1.2001128413450688,3.230101861608711,3194000000.0,0.10397812357575363,0.22918158734292599,26.525581395348837
2008-04-30,115.14,125.0,113.86,120.7,64.1373,192087200,0.0,120431000000.0,53177000000.0,14991000000.0,14991000000.0,2664000000.0,28789000000.0,67254000000.0,15081000000.0,2107000000.0,2107000000.0,14285000000.0,1155000000.0,91961000000.0,44310000000.0,8054000000.0,12235000000.0,47651000000.0,23039000000.0,35274000000.0,28470000000.0,60640000000.0,1383000000.0,5160000000.0,1337000000.0,1966000000.0,1098000000.0,-621000000.0,554000000.0,-471000000.0,,3951000000.0,14821000000.0,30718000000.0,7220000000.0,6016000000.0,1585000000.0,7601000000.0,215000000.0,1337000000.0,5488000000.0,0.0,5703000000.0,7040000000.0,2.8,2.6,7.6923,,,0.04828971541021332,0.02843262302513717,0.09229494614747308,0.07141175853756221,0.1286216550556677,0.23504134383748942,0.4824858389218048,1.2001128413450688,3.230101861608711,3194000000.0,0.10397812357575363,0.22918158734292599,26.525581395348837
2008-05-30,121.06,129.99,120.78,129.43,69.0532,159517500,0.5,121823000000.0,48425000000.0,10786000000.0,10786000000.0,2976000000.0,26894000000.0,73398000000.0,15470000000.0,3122000000.0,3122000000.0,18624000000.0,1241000000.0,93095000000.0,47048000000.0,7329000000.0,15235000000.0,46047000000.0,19951000000.0,35186000000.0,28728000000.0,62378000000.0,1404300000.0,4202000000.0,1347000000.0,1212000000.0,-5778000000.0,-2796000000.0,554000000.0,-2427000000.0,,2319000000.0,10166000000.0,24502000000.0,2977000000.0,5253000000.0,1569000000.0,7189000000.0,178000000.0,1347000000.0,3198000000.0,0.0,3376000000.0,4723000000.0,1.65,1.45,13.7931,,,0.07664650679090035,0.03279896339410685,0.07115815498725185,-0.1695568470986094,0.09464533507468778,0.12150028569096401,0.41490490572198185,1.0292679816357762,3.240566694514063,2990000000.0,0.12203085462411231,0.19275977471226838,18.96629213483146
2008-06-30,128.67,129.37,118.15,118.53,63.2379,152327500,0.0,121823000000.0,48425000000.0,10786000000.0,10786000000.0,2976000000.0,26894000000.0,73398000000.0,15470000000.0,3122000000.0,3122000000.0,18624000000.0,1241000000.0,93095000000.0,47048000000.0,7329000000.0,15235000000.0,46047000000.0,19951000000.0,35186000000.0,28728000000.0,62378000000.0,1404300000.0,4202000000.0,1347000000.0,1212000000.0,-5778000000.0,-2796000000.0,554000000.0,-2427000000.0,,2319000000.0,10166000000.0,24502000000.0,2977000000.0,5253000000.0,1569000000.0,7189000000.0,178000000.0,1347000000.0,3198000000.0,0.0,3376000000.0,4723000000.0,1.65,1.45,13.7931,,,-0.08421477932956045,0.0858660799500976,0.09465957985320171,-0.045073424545896246,0.09464533507468778,0.12150028569096401,0.41490490572198185,1.0292679816357762,3.240566694514063,2990000000.0,0.12203085462411231,0.19275977471226838,18.96629213483146
2008-07-31,117.5,130.93,116.6,127.98,68.2796,200876500,0.0,121823000000.0,48425000000.0,10786000000.0,10786000000.0,2976000000.0,26894000000.0,73398000000.0,15470000000.0,3122000000.0,3122000000.0,18624000000.0,1241000000.0,93095000000.0,47048000000.0,7329000000.0,15235000000.0,46047000000.0,19951000000.0,35186000000.0,28728000000.0,62378000000.0,1404300000.0,4202000000.0,1347000000.0,1212000000.0,-5778000000.0,-2796000000.0,554000000.0,-2427000000.0,,2319000000.0,10166000000.0,24502000000.0,2977000000.0,5253000000.0,1569000000.0,7189000000.0,178000000.0,1347000000.0,3198000000.0,0.0,3376000000.0,4723000000.0,1.65,1.45,13.7931,,,0.07972592385262622,0.09377489921938835,0.11197062040943907,0.3187146116098538,0.09464533507468778,0.12150028569096401,0.41490490572198185,1.0292679816357762,3.240566694514063,2990000000.0,0.12203085462411231,0.19275977471226838,18.96629213483146
2008-08-29,128.52,129.97,121.5,121.73,65.1966,137028800,0.5,120928000000.0,46312000000.0,9626000000.0,9626000000.0,2915000000.0,27228000000.0,74616000000.0,15386000000.0,3277000000.0,3277000000.0,19624000000.0,221000000.0,92664000000.0,44683000000.0,7531000000.0,12710000000.0,47981000000.0,21522000000.0,34232000000.0,28264000000.0,64456000000.0,1395800000.0,4251000000.0,1403000000.0,1168000000.0,-1131000000.0,-4287000000.0,685000000.0,-4737000000.0,,2765000000.0,11599000000.0,26820000000.0,3649000000.0,5814000000.0,1660000000.0,7950000000.0,145000000.0,1403000000.0,3814000000.0,0.0,3959000000.0,5362000000.0,1.98,1.82,8.7912,1402100000.0,1376200000.0,-0.045152578515398445,0.08563201313955406,0.06958021851638872,-0.3178455419125682,0.10309470544369873,0.136055182699478,0.432475764354959,1.0364568180292282,3.278516841211435,3083000000.0,0.11495152870991797,0.19992542878448918,27.30344827586207
2008-09-30,122.87,124.0,109.95,116.96,62.6418,218411700,0.0,120928000000.0,46312000000.0,9626000000.0,9626000000.0,2915000000.0,27228000000.0,74616000000.0,15386000000.0,3277000000.0,3277000000.0,19624000000.0,221000000.0,92664000000.0,44683000000.0,7531000000.0,12710000000.0,47981000000.0,21522000000.0,34232000000.0,28264000000.0,64456000000.0,1395800000.0,4251000000.0,1403000000.0,1168000000.0,-1131000000.0,-4287000000.0,685000000.0,-4737000000.0,,2765000000.0,11599000000.0,26820000000.0,3649000000.0,5814000000.0,1660000000.0,7950000000.0,145000000.0,1403000000.0,3814000000.0,0.0,3959000000.0,5362000000.0,1.98,1.82,8.7912,1402100000.0,1376200000.0,-0.039186092526297345,0.07043946212651958,0.12012653898768808,0.5939109150777062,0.10309470544369873,0.136055182699478,0.432475764354959,1.0364568180292282,3.278516841211435,3083000000.0,0.11495152870991797,0.19992542878448918,27.30344827586207
2008-10-31,115.51,116.8,78.82,92.97,49.7932,314972000,0.0,120928000000.0,46312000000.0,9626000000.0,9626000000.0,2915000000.0,27228000000.0,74616000000.0,15386000000.0,3277000000.0,3277000000.0,19624000000.0,221000000.0,92664000000.0,44683000000.0,7531000000.0,12710000000.0,47981000000.0,21522000000.0,34232000000.0,28264000000.0,64456000000.0,1395800000.0,4251000000.0,1403000000.0,1168000000.0,-1131000000.0,-4287000000.0,685000000.0,-4737000000.0,,2765000000.0,11599000000.0,26820000000.0,3649000000.0,5814000000.0,1660000000.0,7950000000.0,145000000.0,1403000000.0,3814000000.0,0.0,3959000000.0,5362000000.0,1.98,1.82,8.7912,1402100000.0,1376200000.0,-0.20511224134683237,0.09412241988550395,0.40851887705711526,0.44210223170278873,0.10309470544369873,0.136055182699478,0.432475764354959,1.0364568180292282,3.278516841211435,3083000000.0,0.11495152870991797,0.19992542878448918,27.30344827586207
2008-11-28,92.64,94.76,69.5,81.6,43.9602,218313000,0.5,115910000000.0,44187000000.0,9755000000.0,9755000000.0,3000000000.0,24939000000.0,71723000000.0,14659000000.0,3050000000.0,3050000000.0,18861000000.0,1000000.0,88391000000.0,44752000000.0,6770000000.0,16181000000.0,43639000000.0,18232000000.0,34413000000.0,27519000000.0,66600000000.0,1379100000.0,3738000000.0,1379000000.0,1126000000.0,-1496000000.0,-1881000000.0,677000000.0,-2674000000.0,,2823000000.0,10959000000.0,25302000000.0,3864000000.0,5126000000.0,1579000000.0,7096000000.0,159000000.0,1379000000.0,3895000000.0,0.0,4054000000.0,5433000000.0,2.05,2.02,1.4851,1384100000.0,1359500000.0,-0.11714450969208645,0.08301337591204917,0.30955882352941183,-0.3068812465869982,0.11157220773061419,0.15271520037941666,0.43312781598292627,0.9873748659277798,3.211998982521167,2612000000.0,0.10323294601217295,0.21472610860801516,25.49685534591195
2008-12-31,80.95,87.27,75.31,84.16,45.3394,188846100,0.0,115910000000.0,44187000000.0,9755000000.0,9755000000.0,3000000000.0,24939000000.0,71723000000.0,14659000000.0,3050000000.0,3050000000.0,18861000000.0,1000000.0,88391000000.0,44752000000.0,6770000000.0,16181000000.0,43639000000.0,18232000000.0,34413000000.0,27519000000.0,66600000000.0,1379100000.0,3738000000.0,1379000000.0,1126000000.0,-1496000000.0,-1881000000.0,677000000.0,-2674000000.0,,2823000000.0,10959000000.0,25302000000.0,3864000000.0,5126000000.0,1579000000.0,7096000000.0,159000000.0,1379000000.0,3895000000.0,0.0,4054000000.0,5433000000.0,2.05,2.02,1.4851,1384100000.0,1359500000.0,0.031373833604032786,0.11952801885860045,0.14211026615969574,-0.1349754709980624,0.11157220773061419,0.15271520037941666,0.43312781598292627,0.9873748659277798,3.211998982521167,2612000000.0,0.10323294601217295,0.21472610860801516,25.49685534591195
2009-01-30,83.89,94.94,81.76,91.65,49.3744,208959400,0.0,115910000000.0,44187000000.0,9755000000.0,9755000000.0,3000000000.0,24939000000.0,71723000000.0,14659000000.0,3050000000.0,3050000000.0,18861000000.0,1000000.0,88391000000.0,44752000000.0,6770000000.0,16181000000.0,43639000000.0,18232000000.0,34413000000.0,27519000000.0,66600000000.0,1379100000.0,3738000000.0,1379000000.0,1126000000.0,-1496000000.0,-1881000000.0,677000000.0,-2674000000.0,,2823000000.0,10959000000.0,25302000000.0,3864000000.0,5126000000.0,1579000000.0,7096000000.0,159000000.0,1379000000.0,3895000000.0,0.0,4054000000.0,5433000000.0,2.05,2.02,1.4851,1384100000.0,1359500000.0,0.08899544325685826,0.10635759524374967,0.14380796508456073,0.10650630328081978,0.11157220773061419,0.15271520037941666,0.43312781598292627,0.9873748659277798,3.211998982521167,2612000000.0,0.10323294601217295,0.21472610860801516,25.49685534591195
2009-02-27,90.6,97.1,82.85,92.03,49.837,223017600,0.5,109524000000.0,49004000000.0,12741000000.0,12741000000.0,2701000000.0,27555000000.0,60520000000.0,14305000000.0,2876000000.0,2876000000.0,18226000000.0,166000000.0,96059000000.0,42435000000.0,7014000000.0,11236000000.0,53624000000.0,22689000000.0,33926000000.0,13465000000.0,70353000000.0,1344300000.0,6621000000.0,1321000000.0,1381000000.0,-880000000.0,-2870000000.0,669000000.0,-740000000.0,,4427000000.0,12936000000.0,27007000000.0,5575000000.0,5833000000.0,1528000000.0,7361000000.0,191000000.0,1321000000.0,5808000000.0,0.0,5999000000.0,7320000000.0,3.28,3.04,7.8947,1353588792.0,1347368276.0,0.00936922777795779,0.0411193116998891,0.1548408127784418,0.06727718398885152,0.16392046506461289,0.2064279631206724,0.4789869293146221,1.1548014610580888,7.133976977348682,5240000000.0,0.19402377161476655,0.2710408412633762,31.408376963350786
2009-03-31,91.17,99.86,83.02,96.89,52.4688,286114500,0.0,109524000000.0,49004000000.0,12741000000.0,12741000000.0,2701000000.0,27555000000.0,60520000000.0,14305000000.0,2876000000.0,2876000000.0,18226000000.0,166000000.0,96059000000.0,42435000000.0,7014000000.0,11236000000.0,53624000000.0,22689000000.0,33926000000.0,13465000000.0,70353000000.0,1344300000.0,6621000000.0,1321000000.0,1381000000.0,-880000000.0,-2870000000.0,669000000.0,-740000000.0,,4427000000.0,12936000000.0,27007000000.0,5575000000.0,5833000000.0,1528000000.0,7361000000.0,191000000.0,1321000000.0,5808000000.0,0.0,5999000000.0,7320000000.0,3.28,3.04,7.8947,1353588792.0,1347368276.0,0.05280815458394361,0.039868104241872634,0.17380534626896485,0.2829234105290346,0.16392046506461289,0.2064279631206724,0.4789869293146221,1.1548014610580888,7.133976977348682,5240000000.0,0.19402377161476655,0.2710408412633762,31.408376963350786
2009-04-30,96.13,106.05,95.7,103.21,55.8913,213623100,0.0,109524000000.0,49004000000.0,12741000000.0,12741000000.0,2701000000.0,27555000000.0,60520000000.0,14305000000.0,2876000000.0,2876000000.0,18226000000.0,166000000.0,96059000000.0,42435000000.0,7014000000.0,11236000000.0,53624000000.0,22689000000.0,33926000000.0,13465000000.0,70353000000.0,1344300000.0,6621000000.0,1321000000.0,1381000000.0,-880000000.0,-2870000000.0,669000000.0,-740000000.0,,4427000000.0,12936000000.0,27007000000.0,5575000000.0,5833000000.0,1528000000.0,7361000000.0,191000000.0,1321000000.0,5808000000.0,0.0,5999000000.0,7320000000.0,3.28,3.04,7.8947,1353588792.0,1347368276.0,0.06522924099655403,0.02933020293857249,0.10028098052514287,-0.25336499897768205,0.16392046506461289,0.2064279631206724,0.4789869293146221,1.1548014610580888,7.133976977348682,5240000000.0,0.19402377161476655,0.2710408412633762,31.408376963350786
2009-05-29,103.78,106.82,99.83,106.28,57.8564,153084700,0.55,101944000000.0,43995000000.0,12294000000.0,12294000000.0,2759000000.0,23463000000.0,57949000000.0,13727000000.0,2721000000.0,2721000000.0,18070000000.0,1000000.0,88251000000.0,37425000000.0,5878000000.0,9870000000.0,50826000000.0,21106000000.0,30976000000.0,13601000000.0,71968000000.0,1349500000.0,4386000000.0,1229000000.0,760000000.0,-48000000.0,-4583000000.0,675000000.0,-1765000000.0,,2295000000.0,9431000000.0,21711000000.0,2688000000.0,4805000000.0,1480000000.0,6743000000.0,136000000.0,1229000000.0,3122000000.0,0.0,3258000000.0,4487000000.0,1.7,1.66,2.4096,1349500000.0,1344300000.0,0.03515931817653195,0.015110509988124118,0.06576966503575456,-0.28338882826810396,0.10570678457924554,0.12380820782092027,0.4343880981990696,1.1755511022044087,6.488567017131094,3626000000.0,0.16701211367509558,0.2066694302427341,23.955882352941178
2009-06-30,106.94,110.64,103.51,104.42,56.8438,160502100,0.0,101944000000.0,43995000000.0,12294000000.0,12294000000.0,2759000000.0,23463000000.0,57949000000.0,13727000000.0,2721000000.0,2721000000.0,18070000000.0,1000000.0,88251000000.0,37425000000.0,5878000000.0,9870000000.0,50826000000.0,21106000000.0,30976000000.0,13601000000.0,71968000000.0,1349500000.0,4386000000.0,1229000000.0,760000000.0,-48000000.0,-4583000000.0,675000000.0,-1765000000.0,,2295000000.0,9431000000.0,21711000000.0,2688000000.0,4805000000.0,1480000000.0,6743000000.0,136000000.0,1229000000.0,3122000000.0,0.0,3258000000.0,4487000000.0,1.7,1.66,2.4096,1349500000.0,1344300000.0,-0.017501953111496715,0.04187652530678221,0.06828193832599115,0.048452915281540276,0.10570678457924554,0.12380820782092027,0.4343880981990696,1.1755511022044087,6.488567017131094,3626000000.0,0.16701211367509558,0.2066694302427341,23.955882352941178
2009-07-31,105.0,119.37,99.5,117.93,64.1984,176171400,0.0,101944000000.0,43995000000.0,12294000000.0,12294000000.0,2759000000.0,23463000000.0,57949000000.0,13727000000.0,2721000000.0,2721000000.0,18070000000.0,1000000.0,88251000000.0,37425000000.0,5878000000.0,9870000000.0,50826000000.0,21106000000.0,30976000000.0,13601000000.0,71968000000.0,1349500000.0,4386000000.0,1229000000.0,760000000.0,-48000000.0,-4583000000.0,675000000.0,-1765000000.0,,2295000000.0,9431000000.0,21711000000.0,2688000000.0,4805000000.0,1480000000.0,6743000000.0,136000000.0,1229000000.0,3122000000.0,0.0,3258000000.0,4487000000.0,1.7,1.66,2.4096,1349500000.0,1344300000.0,0.12938262396250777,0.07441585833355462,0.16848978207411178,0.09762676002370063,0.10570678457924554,0.12380820782092027,0.4343880981990696,1.1755511022044087,6.488567017131094,3626000000.0,0.16701211367509558,0.2066694302427341,23.955882352941178
2009-08-31,118.88,120.88,116.12,118.05,64.5648,112480200,0.55,103655000000.0,44435000000.0,11678000000.0,11678000000.0,2691000000.0,23856000000.0,59220000000.0,13948000000.0,2580000000.0,2580000000.0,18737000000.0,848000000.0,88182000000.0,36430000000.0,5869000000.0,8504000000.0,51752000000.0,20868000000.0,29372000000.0,15379000000.0,74328000000.0,1336900000.0,4741000000.0,1242000000.0,863000000.0,-1849000000.0,-3743000000.0,732000000.0,-1671000000.0,,3103000000.0,10581000000.0,23250000000.0,4056000000.0,4716000000.0,1434000000.0,6525000000.0,101000000.0,1242000000.0,4262000000.0,0.0,4363000000.0,5605000000.0,2.32,2.01,15.4229,1336900000.0,1326100000.0,0.005707307347223578,0.07896131193306069,0.040321897501058794,-0.36152973751698625,0.13346236559139785,0.1744516129032258,0.4550967741935484,1.2197364809223168,5.733922881851876,3878000000.0,0.16679569892473117,0.2410752688172043,43.198019801980195
2009-09-30,117.67,122.88,115.15,119.61,65.418,131522200,0.0,103655000000.0,44435000000.0,11678000000.0,11678000000.0,2691000000.0,23856000000.0,59220000000.0,13948000000.0,2580000000.0,2580000000.0,18737000000.0,848000000.0,88182000000.0,36430000000.0,5869000000.0,8504000000.0,51752000000.0,20868000000.0,29372000000.0,15379000000.0,74328000000.0,1336900000.0,4741000000.0,1242000000.0,863000000.0,-1849000000.0,-3743000000.0,732000000.0,-1671000000.0,,3103000000.0,10581000000.0,23250000000.0,4056000000.0,4716000000.0,1434000000.0,6525000000.0,101000000.0,1242000000.0,4262000000.0,0.0,4363000000.0,5605000000.0,2.32,2.01,15.4229,1336900000.0,1326100000.0,0.01321463088246233,0.06933847712826194,0.06462670345288847,0.16929201761732293,0.13346236559139785,0.1744516129032258,0.4550967741935484,1.2197364809223168,5.733922881851876,3878000000.0,0.16679569892473117,0.2410752688172043,43.198019801980195
2009-10-30,119.39,128.61,117.26,120.61,65.965,183531100,0.0,103655000000.0,44435000000.0,11678000000.0,11678000000.0,2691000000.0,23856000000.0,59220000000.0,13948000000.0,2580000000.0,2580000000.0,18737000000.0,848000000.0,88182000000.0,36430000000.0,5869000000.0,8504000000.0,51752000000.0,20868000000.0,29372000000.0,15379000000.0,74328000000.0,1336900000.0,4741000000.0,1242000000.0,863000000.0,-1849000000.0,-3743000000.0,732000000.0,-1671000000.0,,3103000000.0,10581000000.0,23250000000.0,4056000000.0,4716000000.0,1434000000.0,6525000000.0,101000000.0,1242000000.0,4262000000.0,0.0,4363000000.0,5605000000.0,2.32,2.01,15.4229,1336900000.0,1326100000.0,0.008361613011709235,0.0038069460130391495,0.09410496642069487,0.3954381845802457,0.13346236559139785,0.1744516129032258,0.4550967741935484,1.2197364809223168,5.733922881851876,3878000000.0,0.16679569892473117,0.2410752688172043,43.198019801980195
2009-11-30,120.61,128.94,119.5,126.35,69.4121,110748200,0.55,103675000000.0,43446000000.0,9532000000.0,9532000000.0,2546000000.0,23622000000.0,60229000000.0,14189000000.0,2436000000.0,2436000000.0,19272000000.0,1980000000.0,85182000000.0,32960000000.0,6145000000.0,4885000000.0,52222000000.0,20583000000.0,25468000000.0,18395000000.0,76812000000.0,1338200000.0,5198000000.0,1258000000.0,974000000.0,-2337000000.0,-5168000000.0,726000000.0,-929000000.0,,3214000000.0,10627000000.0,23566000000.0,4144000000.0,4641000000.0,1446000000.0,6483000000.0,84000000.0,1258000000.0,4373000000.0,0.0,4457000000.0,5715000000.0,2.4,2.38,0.8403,1338200000.0,1319900000.0,0.05225649965890988,0.024064428706363196,0.0747130985358132,-0.3965698456555864,0.13638292455232115,0.17584655860137485,0.45094627853687513,1.318143203883495,4.630714868170698,4224000000.0,0.17924127980989563,0.24251039633370108,53.05952380952381
2009-12-31,127.29,132.85,126.0,130.9,71.9117,124475900,0.0,103675000000.0,43446000000.0,9532000000.0,9532000000.0,2546000000.0,23622000000.0,60229000000.0,14189000000.0,2436000000.0,2436000000.0,19272000000.0,1980000000.0,85182000000.0,32960000000.0,6145000000.0,4885000000.0,52222000000.0,20583000000.0,25468000000.0,18395000000.0,76812000000.0,1338200000.0,5198000000.0,1258000000.0,974000000.0,-2337000000.0,-5168000000.0,726000000.0,-929000000.0,,3214000000.0,10627000000.0,23566000000.0,4144000000.0,4641000000.0,1446000000.0,6483000000.0,84000000.0,1258000000.0,4373000000.0,0.0,4457000000.0,5715000000.0,2.4,2.38,0.8403,1338200000.0,1319900000.0,0.03601101248917704,0.022192965171487583,0.05233002291825817,0.12395415907436869,0.13638292455232115,0.17584655860137485,0.45094627853687513,1.318143203883495,4.630714868170698,4224000000.0,0.17924127980989563,0.24251039633370108,53.05952380952381
2010-01-29,131.18,134.25,121.9,122.39,67.2366,156110600,0.0,103675000000.0,43446000000.0,9532000000.0,9532000000.0,2546000000.0,23622000000.0,60229000000.0,14189000000.0,2436000000.0,2436000000.0,19272000000.0,1980000000.0,85182000000.0,32960000000.0,6145000000.0,4885000000.0,52222000000.0,20583000000.0,25468000000.0,18395000000.0,76812000000.0,1338200000.0,5198000000.0,1258000000.0,974000000.0,-2337000000.0,-5168000000.0,726000000.0,-929000000.0,,3214000000.0,10627000000.0,23566000000.0,4144000000.0,4641000000.0,1446000000.0,6483000000.0,84000000.0,1258000000.0,4373000000.0,0.0,4457000000.0,5715000000.0,2.4,2.38,0.8403,1338200000.0,1319900000.0,-0.0650116740391341,0.06353650343077598,0.10090693684124516,0.2541431714894209,0.13638292455232115,0.17584655860137485,0.45094627853687513,1.318143203883495,4.630714868170698,4224000000.0,0.17924127980989563,0.24251039633370108,53.05952380952381
2010-02-26,123.23,128.27,121.61,127.16,70.1723,113211200,0.55,109022000000.0,48935000000.0,12183000000.0,12183000000.0,2493000000.0,26793000000.0,60087000000.0,14165000000.0,2513000000.0,2513000000.0,20190000000.0,1791000000.0,86267000000.0,36002000000.0,7436000000.0,4168000000.0,50265000000.0,21932000000.0,26100000000.0,22637000000.0,80900000000.0,1340700000.0,6448000000.0,1265000000.0,1480000000.0,-2495000000.0,-1206000000.0,727000000.0,-3064000000.0,,4813000000.0,13145000000.0,27230000000.0,6027000000.0,5103000000.0,1460000000.0,7118000000.0,81000000.0,1265000000.0,6381000000.0,0.0,6462000000.0,7727000000.0,3.59,3.47,3.4582,1340611016.0,1318329640.0,0.04366223158220395,0.06065495598053313,0.052374960679459036,-0.2748013267516748,0.17675358060962174,0.22133676092544988,0.48273962541314724,1.3592300427754014,3.810884834562884,4968000000.0,0.1824458318031583,0.2837679030481087,79.77777777777777
2010-03-31,127.5,130.73,125.2,128.25,70.7738,139997300,0.0,109022000000.0,48935000000.0,12183000000.0,12183000000.0,2493000000.0,26793000000.0,60087000000.0,14165000000.0,2513000000.0,2513000000.0,20190000000.0,1791000000.0,86267000000.0,36002000000.0,7436000000.0,4168000000.0,50265000000.0,21932000000.0,26100000000.0,22637000000.0,80900000000.0,1340700000.0,6448000000.0,1265000000.0,1480000000.0,-2495000000.0,-1206000000.0,727000000.0,-3064000000.0,,4813000000.0,13145000000.0,27230000000.0,6027000000.0,5103000000.0,1460000000.0,7118000000.0,81000000.0,1265000000.0,6381000000.0,0.0,6462000000.0,7727000000.0,3.59,3.47,3.4582,1340611016.0,1318329640.0,0.008571758371892946,0.05546151908982675,0.043118908382066175,0.2366029156125895,0.17675358060962174,0.22133676092544988,0.48273962541314724,1.3592300427754014,3.810884834562884,4968000000.0,0.1824458318031583,0.2837679030481087,79.77777777777777
2010-04-30,128.95,132.28,127.12,129.0,71.1877,146426400,0.0,109022000000.0,48935000000.0,12183000000.0,12183000000.0,2493000000.0,26793000000.0,60087000000.0,14165000000.0,2513000000.0,2513000000.0,20190000000.0,1791000000.0,86267000000.0,36002000000.0,7436000000.0,4168000000.0,50265000000.0,21932000000.0,26100000000.0,22637000000.0,80900000000.0,1340700000.0,6448000000.0,1265000000.0,1480000000.0,-2495000000.0,-1206000000.0,727000000.0,-3064000000.0,,4813000000.0,13145000000.0,27230000000.0,6027000000.0,5103000000.0,1460000000.0,7118000000.0,81000000.0,1265000000.0,6381000000.0,0.0,6462000000.0,7727000000.0,3.59,3.47,3.4582,1340611016.0,1318329640.0,0.005848209365612922,0.02108972619353652,0.03999999999999997,0.04592302851554986,0.17675358060962174,0.22133676092544988,0.48273962541314724,1.3592300427754014,3.810884834562884,4968000000.0,0.1824458318031583,0.2837679030481087,79.77777777777777
2010-05-28,129.39,133.1,116.0,125.26,69.4864,188444200,0.65,105208000000.0,45697000000.0,12472000000.0,12472000000.0,2524000000.0,23511000000.0,59511000000.0,13841000000.0,2618000000.0,2618000000.0,20889000000.0,1505000000.0,83059000000.0,34576000000.0,6345000000.0,5014000000.0,48484000000.0,21305000000.0,26319000000.0,22033000000.0,82783000000.0,1321600000.0,4437000000.0,1210000000.0,904000000.0,-699000000.0,-3368000000.0,718000000.0,-4017000000.0,289000000.0,2601000000.0,9978000000.0,22858000000.0,2794000000.0,5309000000.0,1509000000.0,7184000000.0,101000000.0,1210000000.0,3515000000.0,2601000000.0,3616000000.0,4826000000.0,1.97,1.94,1.5464,1321600000.0,1301200000.0,-0.02389879150471219,0.018012210623434978,0.13651604662302405,0.2869550846022302,0.11378948289439146,0.12223291626564003,0.4365211304576078,1.3216392873669598,3.7697544592202603,3533000000.0,0.15456295388922917,0.211129582640651,35.801980198019805
2010-06-30,124.69,131.94,122.82,123.48,68.499,162019100,0.0,105208000000.0,45697000000.0,12472000000.0,12472000000.0,2524000000.0,23511000000.0,59511000000.0,13841000000.0,2618000000.0,2618000000.0,20889000000.0,1505000000.0,83059000000.0,34576000000.0,6345000000.0,5014000000.0,48484000000.0,21305000000.0,26319000000.0,22033000000.0,82783000000.0,1321600000.0,4437000000.0,1210000000.0,904000000.0,-699000000.0,-3368000000.0,718000000.0,-4017000000.0,289000000.0,2601000000.0,9978000000.0,22858000000.0,2794000000.0,5309000000.0,1509000000.0,7184000000.0,101000000.0,1210000000.0,3515000000.0,2601000000.0,3616000000.0,4826000000.0,1.97,1.94,1.5464,1321600000.0,1301200000.0,-0.014209974901563616,0.015171728005540758,0.07385811467444124,-0.14022771727652006,0.11378948289439146,0.12223291626564003,0.4365211304576078,1.3216392873669598,3.7697544592202603,3533000000.0,0.15456295388922917,0.211129582640651,35.801980198019805
2010-07-30,123.55,131.6,120.61,128.4,71.2283,144080000,0.0,105208000000.0,45697000000.0,12472000000.0,12472000000.0,2524000000.0,23511000000.0,59511000000.0,13841000000.0,2618000000.0,2618000000.0,20889000000.0,1505000000.0,83059000000.0,34576000000.0,6345000000.0,5014000000.0,48484000000.0,21305000000.0,26319000000.0,22033000000.0,82783000000.0,1321600000.0,4437000000.0,1210000000.0,904000000.0,-699000000.0,-3368000000.0,718000000.0,-4017000000.0,289000000.0,2601000000.0,9978000000.0,22858000000.0,2794000000.0,5309000000.0,1509000000.0,7184000000.0,101000000.0,1210000000.0,3515000000.0,2601000000.0,3616000000.0,4826000000.0,1.97,1.94,1.5464,1321600000.0,1301200000.0,0.03984437729017953,0.0343485509787836,0.08559190031152644,-0.11072213090925698,0.11378948289439146,0.12223291626564003,0.4365211304576078,1.3216392873669598,3.7697544592202603,3533000000.0,0.15456295388922917,0.211129582640651,35.801980198019805
2010-08-31,129.25,132.49,122.28,123.13,68.646,117394000,0.65,103420000000.0,44895000000.0,10325000000.0,10325000000.0,2595000000.0,23492000000.0,58525000000.0,13534000000.0,2526000000.0,2526000000.0,20544000000.0,1916000000.0,82244000000.0,34993000000.0,7233000000.0,5633000000.0,47251000000.0,21017000000.0,26650000000.0,21059000000.0,85323000000.0,1296700000.0,3766000000.0,1183000000.0,969000000.0,-1946000000.0,-3746000000.0,833000000.0,-4104000000.0,-2147000000.0,3386000000.0,10808000000.0,23723000000.0,4271000000.0,4655000000.0,1475000000.0,6537000000.0,90000000.0,1183000000.0,4575000000.0,3385000000.0,4665000000.0,5848000000.0,2.61,2.57,1.5564,1296700000.0,1278600000.0,-0.036253848540538036,0.0391551302097674,0.08292049053845536,-0.18521654636313156,0.14273068330312355,0.18003625173881888,0.45559161994688696,1.2829708798902637,3.905408613894297,2797000000.0,0.11790245753066644,0.2465118239683008,51.833333333333336
2010-09-30,125.31,136.11,124.52,134.14,74.7841,116092900,0.0,103420000000.0,44895000000.0,10325000000.0,10325000000.0,2595000000.0,23492000000.0,58525000000.0,13534000000.0,2526000000.0,2526000000.0,20544000000.0,1916000000.0,82244000000.0,34993000000.0,7233000000.0,5633000000.0,47251000000.0,21017000000.0,26650000000.0,21059000000.0,85323000000.0,1296700000.0,3766000000.0,1183000000.0,969000000.0,-1946000000.0,-3746000000.0,833000000.0,-4104000000.0,-2147000000.0,3386000000.0,10808000000.0,23723000000.0,4271000000.0,4655000000.0,1475000000.0,6537000000.0,90000000.0,1183000000.0,4575000000.0,3385000000.0,4665000000.0,5848000000.0,2.61,2.57,1.5564,1296700000.0,1278600000.0,0.08941671765288572,0.06330014232605723,0.08640226628895198,-0.01108318994156432,0.14273068330312355,0.18003625173881888,0.45559161994688696,1.2829708798902637,3.905408613894297,2797000000.0,0.11790245753066644,0.2465118239683008,51.833333333333336
2010-10-29,135.51,144.0,134.39,143.6,80.0581,137284700,0.0,103420000000.0,44895000000.0,10325000000.0,10325000000.0,2595000000.0,23492000000.0,58525000000.0,13534000000.0,2526000000.0,2526000000.0,20544000000.0,1916000000.0,82244000000.0,34993000000.0,7233000000.0,5633000000.0,47251000000.0,21017000000.0,26650000000.0,21059000000.0,85323000000.0,1296700000.0,3766000000.0,1183000000.0,969000000.0,-1946000000.0,-3746000000.0,833000000.0,-4104000000.0,-2147000000.0,3386000000.0,10808000000.0,23723000000.0,4271000000.0,4655000000.0,1475000000.0,6537000000.0,90000000.0,1183000000.0,4575000000.0,3385000000.0,4665000000.0,5848000000.0,2.61,2.57,1.5564,1296700000.0,1278600000.0,0.07052301224458146,0.06776351194971657,0.06692200557103074,0.18254174027869063,0.14273068330312355,0.18003625173881888,0.45559161994688696,1.2829708798902637,3.905408613894297,2797000000.0,0.11790245753066644,0.2465118239683008,51.833333333333336
2010-11-30,143.64,147.53,141.18,141.46,79.2151,104096700,0.65,107174000000.0,44469000000.0,9859000000.0,9859000000.0,2629000000.0,24496000000.0,62705000000.0,14009000000.0,3047000000.0,3047000000.0,22703000000.0,1227000000.0,84815000000.0,35443000000.0,7084000000.0,5556000000.0,49372000000.0,21899000000.0,27455000000.0,22238000000.0,88095000000.0,1272800000.0,4551000000.0,1203000000.0,1593000000.0,-1780000000.0,-3455000000.0,818000000.0,-3653000000.0,-466000000.0,3589000000.0,11001000000.0,24271000000.0,4389000000.0,4769000000.0,1464000000.0,6612000000.0,95000000.0,1203000000.0,4677000000.0,3589000000.0,4772000000.0,5975000000.0,2.82,2.75,2.5455,1272800000.0,1255200000.0,-0.01052985269448048,0.053097168698978375,0.04488901456242043,-0.24174580270051949,0.14787194594371883,0.1808330929916361,0.45325697334267234,1.254662415709731,3.8139670833708066,2958000000.0,0.1218738412096741,0.2461785670141321,50.23157894736842
2010-12-31,143.61,147.5,143.51,146.76,82.183,93392800,0.0,107174000000.0,44469000000.0,9859000000.0,9859000000.0,2629000000.0,24496000000.0,62705000000.0,14009000000.0,3047000000.0,3047000000.0,22703000000.0,1227000000.0,84815000000.0,35443000000.0,7084000000.0,5556000000.0,49372000000.0,21899000000.0,27455000000.0,22238000000.0,88095000000.0,1272800000.0,4551000000.0,1203000000.0,1593000000.0,-1780000000.0,-3455000000.0,818000000.0,-3653000000.0,-466000000.0,3589000000.0,11001000000.0,24271000000.0,4389000000.0,4769000000.0,1464000000.0,6612000000.0,95000000.0,1203000000.0,4677000000.0,3589000000.0,4772000000.0,5975000000.0,2.82,2.75,2.5455,1272800000.0,1255200000.0,0.03746634164445917,0.04075525540143275,0.02718724448078502,-0.10282650650789127,0.14787194594371883,0.1808330929916361,0.45325697334267234,1.254662415709731,3.8139670833708066,2958000000.0,0.1218738412096741,0.2461785670141321,50.23157894736842
2011-01-31,147.21,164.35,146.64,162.0,90.7171,118831600,0.0,107174000000.0,44469000000.0,9859000000.0,9859000000.0,2629000000.0,24496000000.0,62705000000.0,14009000000.0,3047000000.0,3047000000.0,22703000000.0,1227000000.0,84815000000.0,35443000000.0,7084000000.0,5556000000.0,49372000000.0,21899000000.0,27455000000.0,22238000000.0,88095000000.0,1272800000.0,4551000000.0,1203000000.0,1593000000.0,-1780000000.0,-3455000000.0,818000000.0,-3653000000.0,-466000000.0,3589000000.0,11001000000.0,24271000000.0,4389000000.0,4769000000.0,1464000000.0,6612000000.0,95000000.0,1203000000.0,4677000000.0,3589000000.0,4772000000.0,5975000000.0,2.82,2.75,2.5455,1272800000.0,1255200000.0,0.10384264385578512,0.05743186707367704,0.10932098765432104,0.27238502325661074,0.14787194594371883,0.1808330929916361,0.45325697334267234,1.254662415709731,3.8139670833708066,2958000000.0,0.1218738412096741,0.2461785670141321,50.23157894736842
2011-02-28,162.11,166.25,159.03,161.88,91.0048,89067500,0.65,113452000000.0,48116000000.0,10661000000.0,10661000000.0,2450000000.0,28225000000.0,65334000000.0,14096000000.0,3488000000.0,3488000000.0,25136000000.0,990000000.0,90280000000.0,40562000000.0,7804000000.0,6778000000.0,49718000000.0,21846000000.0,28624000000.0,23046000000.0,92532000000.0,1258400000.0,6795000000.0,1235000000.0,1873000000.0,-4082000000.0,-1859000000.0,808000000.0,-3601000000.0,802000000.0,5257000000.0,14227000000.0,29018000000.0,6687000000.0,5474000000.0,1578000000.0,7539000000.0,101000000.0,1235000000.0,6955000000.0,5258000000.0,7056000000.0,8291000000.0,4.18,4.08,2.451,1258421552.0,1240256808.0,0.0031713976747493877,0.05118049186421441,0.04460093896713614,-0.2504729381746943,0.181163415810876,0.2304431732028396,0.49028189399682953,1.186233420442779,3.9173826260522433,4922000000.0,0.16961885726101042,0.2857192087669722,69.86138613861387
2011-03-31,163.15,167.72,151.71,163.07,91.6738,129714300,0.0,113452000000.0,48116000000.0,10661000000.0,10661000000.0,2450000000.0,28225000000.0,65334000000.0,14096000000.0,3488000000.0,3488000000.0,25136000000.0,990000000.0,90280000000.0,40562000000.0,7804000000.0,6778000000.0,49718000000.0,21846000000.0,28624000000.0,23046000000.0,92532000000.0,1258400000.0,6795000000.0,1235000000.0,1873000000.0,-4082000000.0,-1859000000.0,808000000.0,-3601000000.0,802000000.0,5257000000.0,14227000000.0,29018000000.0,6687000000.0,5474000000.0,1578000000.0,7539000000.0,101000000.0,1235000000.0,6955000000.0,5258000000.0,7056000000.0,8291000000.0,4.18,4.08,2.451,1258421552.0,1240256808.0,0.0073512605928478525,0.05695430640090916,0.09817869626540744,0.45635950262441405,0.181163415810876,0.2304431732028396,0.49028189399682953,1.186233420442779,3.9173826260522433,4922000000.0,0.16961885726101042,0.2857192087669722,69.86138613861387
2011-04-29,163.7,173.0,162.19,170.58,95.8957,100769500,0.0,113452000000.0,48116000000.0,10661000000.0,10661000000.0,2450000000.0,28225000000.0,65334000000.0,14096000000.0,3488000000.0,3488000000.0,25136000000.0,990000000.0,90280000000.0,40562000000.0,7804000000.0,6778000000.0,49718000000.0,21846000000.0,28624000000.0,23046000000.0,92532000000.0,1258400000.0,6795000000.0,1235000000.0,1873000000.0,-4082000000.0,-1859000000.0,808000000.0,-3601000000.0,802000000.0,5257000000.0,14227000000.0,29018000000.0,6687000000.0,5474000000.0,1578000000.0,7539000000.0,101000000.0,1235000000.0,6955000000.0,5258000000.0,7056000000.0,8291000000.0,4.18,4.08,2.451,1258421552.0,1240256808.0,0.04605350710890144,0.02364392257686988,0.06337202485637239,-0.22314270670234504,0.181163415810876,0.2304431732028396,0.49028189399682953,1.186233420442779,3.9173826260522433,4922000000.0,0.16961885726101042,0.2857192087669722,69.86138613861387
2011-05-31,172.11,173.54,165.9,168.93,95.3898,110804200,0.75,112960000000.0,47524000000.0,12763000000.0,12763000000.0,2549000000.0,25658000000.0,65438000000.0,14208000000.0,3324000000.0,3324000000.0,25408000000.0,482000000.0,90185000000.0,40387000000.0,6747000000.0,8508000000.0,49798000000.0,21748000000.0,30257000000.0,22671000000.0,94590000000.0,1240000000.0,3792000000.0,1228000000.0,1145000000.0,498000000.0,-2314000000.0,795000000.0,-4045000000.0,2102000000.0,2863000000.0,10858000000.0,24607000000.0,3433000000.0,5442000000.0,1587000000.0,7425000000.0,93000000.0,1228000000.0,3817000000.0,2863000000.0,3910000000.0,5138000000.0,2.41,2.3,4.7826,1240000000.0,1222200000.0,-0.005275523302921914,0.0267456193296453,0.045225833185342956,0.09958072631103665,0.11634900638029828,0.13951314666558295,0.4412565530133702,1.1767152796692004,3.9779895020069693,2647000000.0,0.10757101637745357,0.20880237330840817,42.043010752688176
2011-06-30,168.9,172.4468,161.52,171.55,96.8693,105442400,0.0,112960000000.0,47524000000.0,12763000000.0,12763000000.0,2549000000.0,25658000000.0,65438000000.0,14208000000.0,3324000000.0,3324000000.0,25408000000.0,482000000.0,90185000000.0,40387000000.0,6747000000.0,8508000000.0,49798000000.0,21748000000.0,30257000000.0,22671000000.0,94590000000.0,1240000000.0,3792000000.0,1228000000.0,1145000000.0,498000000.0,-2314000000.0,795000000.0,-4045000000.0,2102000000.0,2863000000.0,10858000000.0,24607000000.0,3433000000.0,5442000000.0,1587000000.0,7425000000.0,93000000.0,1228000000.0,3817000000.0,2863000000.0,3910000000.0,5138000000.0,2.41,2.3,4.7826,1240000000.0,1222200000.0,0.01551004405083134,0.025818637676476488,0.06369454969396669,-0.04838986247813715,0.11634900638029828,0.13951314666558295,0.4412565530133702,1.1767152796692004,3.9779895020069693,2647000000.0,0.10757101637745357,0.20880237330840817,42.043010752688176
2011-07-29,171.61,185.63,171.49,181.85,102.6854,113593200,0.0,112960000000.0,47524000000.0,12763000000.0,12763000000.0,2549000000.0,25658000000.0,65438000000.0,14208000000.0,3324000000.0,3324000000.0,25408000000.0,482000000.0,90185000000.0,40387000000.0,6747000000.0,8508000000.0,49798000000.0,21748000000.0,30257000000.0,22671000000.0,94590000000.0,1240000000.0,3792000000.0,1228000000.0,1145000000.0,498000000.0,-2314000000.0,795000000.0,-4045000000.0,2102000000.0,2863000000.0,10858000000.0,24607000000.0,3433000000.0,5442000000.0,1587000000.0,7425000000.0,93000000.0,1228000000.0,3817000000.0,2863000000.0,3910000000.0,5138000000.0,2.41,2.3,4.7826,1240000000.0,1222200000.0,0.06004069400728618,0.03336971391215913,0.07775639263128944,0.07730097190504015,0.11634900638029828,0.13951314666558295,0.4412565530133702,1.1767152796692004,3.9779895020069693,2647000000.0,0.10757101637745357,0.20880237330840817,42.043010752688176
2011-08-31,182.6,183.69,157.13,171.91,97.5106,195054100,0.75,113474000000.0,46937000000.0,11714000000.0,11714000000.0,2573000000.0,26381000000.0,66536000000.0,14239000000.0,3205000000.0,3205000000.0,25609000000.0,50000000.0,90263000000.0,39843000000.0,7112000000.0,7858000000.0,50420000000.0,21915000000.0,29773000000.0,23127000000.0,97334000000.0,1221400000.0,4279000000.0,1207000000.0,1201000000.0,-600000000.0,-4903000000.0,900000000.0,-4000000000.0,-1048000000.0,3663000000.0,12385000000.0,26667000000.0,4785000000.0,5585000000.0,1569000000.0,7600000000.0,97000000.0,1207000000.0,4885000000.0,3664000000.0,4982000000.0,6189000000.0,3.09,3.03,1.9802,1221400000.0,1204800000.0,-0.05039470070720864,0.05556136333357475,0.15449944738525975,0.717128314018797,0.13736078299021262,0.17943525705928676,0.46443169460381745,1.178048841703687,3.902927314394431,3078000000.0,0.11542355720553493,0.2320845989425132,51.36082474226804
2011-09-30,172.71,180.91,158.76,174.87,99.1895,137895000,0.0,113474000000.0,46937000000.0,11714000000.0,11714000000.0,2573000000.0,26381000000.0,66536000000.0,14239000000.0,3205000000.0,3205000000.0,25609000000.0,50000000.0,90263000000.0,39843000000.0,7112000000.0,7858000000.0,50420000000.0,21915000000.0,29773000000.0,23127000000.0,97334000000.0,1221400000.0,4279000000.0,1207000000.0,1201000000.0,-600000000.0,-4903000000.0,900000000.0,-4000000000.0,-1048000000.0,3663000000.0,12385000000.0,26667000000.0,4785000000.0,5585000000.0,1569000000.0,7600000000.0,97000000.0,1207000000.0,4885000000.0,3664000000.0,4982000000.0,6189000000.0,3.09,3.03,1.9802,1221400000.0,1204800000.0,0.017217615315668233,0.05567946622162757,0.1266655229599131,-0.2930422892930731,0.13736078299021262,0.17943525705928676,0.46443169460381745,1.178048841703687,3.902927314394431,3078000000.0,0.11542355720553493,0.2320845989425132,51.36082474226804
2011-10-31,174.36,190.53,168.88,184.63,104.7256,144563700,0.0,113474000000.0,46937000000.0,11714000000.0,11714000000.0,2573000000.0,26381000000.0,66536000000.0,14239000000.0,3205000000.0,3205000000.0,25609000000.0,50000000.0,90263000000.0,39843000000.0,7112000000.0,7858000000.0,50420000000.0,21915000000.0,29773000000.0,23127000000.0,97334000000.0,1221400000.0,4279000000.0,1207000000.0,1201000000.0,-600000000.0,-4903000000.0,900000000.0,-4000000000.0,-1048000000.0,3663000000.0,12385000000.0,26667000000.0,4785000000.0,5585000000.0,1569000000.0,7600000000.0,97000000.0,1207000000.0,4885000000.0,3664000000.0,4982000000.0,6189000000.0,3.09,3.03,1.9802,1221400000.0,1204800000.0,0.05581336734230957,0.05376059751542093,0.11726155012728162,0.04836070923528779,0.13736078299021262,0.17943525705928676,0.46443169460381745,1.178048841703687,3.902927314394431,3078000000.0,0.11542355720553493,0.2320845989425132,51.36082474226804
2011-11-30,181.55,189.97,177.06,188.0,107.0642,97014100,0.75,110158000000.0,45373000000.0,11303000000.0,11303000000.0,2663000000.0,24987000000.0,64786000000.0,13887000000.0,3033000000.0,3033000000.0,24913000000.0,0.0,87780000000.0,36028000000.0,7093000000.0,6071000000.0,51752000000.0,24089000000.0,30160000000.0,22291000000.0,100266000000.0,1204900000.0,4679000000.0,1192000000.0,1135000000.0,-805000000.0,-3669000000.0,893000000.0,-3444000000.0,-411000000.0,3839000000.0,12173000000.0,26157000000.0,4966000000.0,5247000000.0,1546000000.0,7207000000.0,107000000.0,1192000000.0,5027000000.0,3839000000.0,5134000000.0,6326000000.0,3.28,3.22,1.8634,1204900000.0,1188600000.0,0.022330738615963908,0.02096370884334934,0.06867021276595743,-0.3289179787180323,0.1467675956722866,0.18985357648048323,0.46538211568604965,1.259381592095037,3.9379121618590465,3544000000.0,0.13548954390794052,0.24184730664831594,47.981308411214954
2011-12-30,187.01,194.9,179.04,183.88,104.7179,103436500,0.0,110158000000.0,45373000000.0,11303000000.0,11303000000.0,2663000000.0,24987000000.0,64786000000.0,13887000000.0,3033000000.0,3033000000.0,24913000000.0,0.0,87780000000.0,36028000000.0,7093000000.0,6071000000.0,51752000000.0,24089000000.0,30160000000.0,22291000000.0,100266000000.0,1204900000.0,4679000000.0,1192000000.0,1135000000.0,-805000000.0,-3669000000.0,893000000.0,-3444000000.0,-411000000.0,3839000000.0,12173000000.0,26157000000.0,4966000000.0,5247000000.0,1546000000.0,7207000000.0,107000000.0,1192000000.0,5027000000.0,3839000000.0,5134000000.0,6326000000.0,3.28,3.22,1.8634,1204900000.0,1188600000.0,-0.021914888450107473,0.038988125733842825,0.0862519034152709,0.0662006862919926,0.1467675956722866,0.18985357648048323,0.46538211568604965,1.259381592095037,3.9379121618590465,3544000000.0,0.13548954390794052,0.24184730664831594,47.981308411214954
2012-01-31,186.73,193.1,177.3472,192.6,109.6839,110015000,0.0,110158000000.0,45373000000.0,11303000000.0,11303000000.0,2663000000.0,24987000000.0,64786000000.0,13887000000.0,3033000000.0,3033000000.0,24913000000.0,0.0,87780000000.0,36028000000.0,7093000000.0,6071000000.0,51752000000.0,24089000000.0,30160000000.0,22291000000.0,100266000000.0,1204900000.0,4679000000.0,1192000000.0,1135000000.0,-805000000.0,-3669000000.0,893000000.0,-3444000000.0,-411000000.0,3839000000.0,12173000000.0,26157000000.0,4966000000.0,5247000000.0,1546000000.0,7207000000.0,107000000.0,1192000000.0,5027000000.0,3839000000.0,5134000000.0,6326000000.0,3.28,3.22,1.8634,1204900000.0,1188600000.0,0.047422646940016966,0.035106915728455715,0.08179023883696786,0.063599406399095,0.1467675956722866,0.18985357648048323,0.46538211568604965,1.259381592095037,3.9379121618590465,3544000000.0,0.13548954390794052,0.24184730664831594,47.981308411214954
2012-02-29,193.21,199.23,190.831,196.73,112.4714,78809900,0.75,116433000000.0,50928000000.0,11922000000.0,11922000000.0,2595000000.0,29561000000.0,65505000000.0,13883000000.0,3392000000.0,3392000000.0,26213000000.0,0.0,96198000000.0,42123000000.0,8517000000.0,8465000000.0,54075000000.0,22857000000.0,31320000000.0,20138000000.0,104857000000.0,1188700000.0,7096000000.0,1188000000.0,1186000000.0,-3505000000.0,-2810000000.0,880000000.0,-3581000000.0,618000000.0,5490000000.0,14722000000.0,29486000000.0,7091000000.0,5570000000.0,1555000000.0,7631000000.0,113000000.0,1188000000.0,7274000000.0,5489000000.0,7387000000.0,8575000000.0,4.71,4.62,1.9481,1188771940.0,1172204024.0,0.025413939511633066,0.03543090687727554,0.042693031057794956,-0.2836440485388356,0.18619005629790408,0.24048701078477921,0.4992877975988605,1.2090306958193862,4.776939120071507,5910000000.0,0.20043410432069456,0.29081598046530555,65.3716814159292
2012-03-30,197.23,209.12,196.812,208.65,119.2861,88096900,0.0,116433000000.0,50928000000.0,11922000000.0,11922000000.0,2595000000.0,29561000000.0,65505000000.0,13883000000.0,3392000000.0,3392000000.0,26213000000.0,0.0,96198000000.0,42123000000.0,8517000000.0,8465000000.0,54075000000.0,22857000000.0,31320000000.0,20138000000.0,104857000000.0,1188700000.0,7096000000.0,1188000000.0,1186000000.0,-3505000000.0,-2810000000.0,880000000.0,-3581000000.0,618000000.0,5490000000.0,14722000000.0,29486000000.0,7091000000.0,5570000000.0,1555000000.0,7631000000.0,113000000.0,1188000000.0,7274000000.0,5489000000.0,7387000000.0,8575000000.0,4.71,4.62,1.9481,1188771940.0,1172204024.0,0.06059051456636988,0.01777248516234615,0.05898873711957821,0.11784052511169274,0.18619005629790408,0.24048701078477921,0.4992877975988605,1.2090306958193862,4.776939120071507,5910000000.0,0.20043410432069456,0.29081598046530555,65.3716814159292
2012-04-30,208.96,210.69,196.791,207.08,118.3885,86603000,0.0,116433000000.0,50928000000.0,11922000000.0,11922000000.0,2595000000.0,29561000000.0,65505000000.0,13883000000.0,3392000000.0,3392000000.0,26213000000.0,0.0,96198000000.0,42123000000.0,8517000000.0,8465000000.0,54075000000.0,22857000000.0,31320000000.0,20138000000.0,104857000000.0,1188700000.0,7096000000.0,1188000000.0,1186000000.0,-3505000000.0,-2810000000.0,880000000.0,-3581000000.0,618000000.0,5490000000.0,14722000000.0,29486000000.0,7091000000.0,5570000000.0,1555000000.0,7631000000.0,113000000.0,1188000000.0,7274000000.0,5489000000.0,7387000000.0,8575000000.0,4.71,4.62,1.9481,1188771940.0,1172204024.0,-0.00752476608758279,0.03406376671699737,0.06711898783079004,-0.016957463883519153,0.18619005629790408,0.24048701078477921,0.4992877975988605,1.2090306958193862,4.776939120071507,5910000000.0,0.20043410432069456,0.29081598046530555,65.3716814159292
2012-05-31,207.18,208.929,192.0,192.9,110.747,86005300,0.85,115347000000.0,48847000000.0,11835000000.0,11835000000.0,2754000000.0,26841000000.0,66499000000.0,13946000000.0,3641000000.0,3641000000.0,27468000000.0,500000000.0,94564000000.0,38209000000.0,7416000000.0,6293000000.0,56355000000.0,25760000000.0,32053000000.0,20701000000.0,107036000000.0,1174200000.0,4291000000.0,1157000000.0,1097000000.0,-2230000000.0,-2316000000.0,870000000.0,-3015000000.0,-88000000.0,3066000000.0,11118000000.0,24673000000.0,3894000000.0,5484000000.0,1601000000.0,7224000000.0,110000000.0,1157000000.0,3836000000.0,3067000000.0,3946000000.0,5103000000.0,2.78,2.65,4.9057,1174200000.0,1159100000.0,-0.06454596519087574,0.06265014920410501,0.08776049766718508,-0.006901608489313316,0.12426539131844526,0.15782434239857335,0.4506140315324444,1.2784160799811564,4.568088498140186,3194000000.0,0.1294532484902525,0.2068252745916589,35.872727272727275
2012-06-29,190.12,199.99,187.0,195.58,112.2856,84559100,0.0,115347000000.0,48847000000.0,11835000000.0,11835000000.0,2754000000.0,26841000000.0,66499000000.0,13946000000.0,3641000000.0,3641000000.0,27468000000.0,500000000.0,94564000000.0,38209000000.0,7416000000.0,6293000000.0,56355000000.0,25760000000.0,32053000000.0,20701000000.0,107036000000.0,1174200000.0,4291000000.0,1157000000.0,1097000000.0,-2230000000.0,-2316000000.0,870000000.0,-3015000000.0,-88000000.0,3066000000.0,11118000000.0,24673000000.0,3894000000.0,5484000000.0,1601000000.0,7224000000.0,110000000.0,1157000000.0,3836000000.0,3067000000.0,3946000000.0,5103000000.0,2.78,2.65,4.9057,1174200000.0,1159100000.0,0.013892927122179488,0.04054379228460677,0.06641783413436961,-0.016815242781549555,0.12426539131844526,0.15782434239857335,0.4506140315324444,1.2784160799811564,4.568088498140186,3194000000.0,0.1294532484902525,0.2068252745916589,35.872727272727275
2012-07-31,196.36,197.84,181.85,195.98,112.5153,91516500,0.0,115347000000.0,48847000000.0,11835000000.0,11835000000.0,2754000000.0,26841000000.0,66499000000.0,13946000000.0,3641000000.0,3641000000.0,27468000000.0,500000000.0,94564000000.0,38209000000.0,7416000000.0,6293000000.0,56355000000.0,25760000000.0,32053000000.0,20701000000.0,107036000000.0,1174200000.0,4291000000.0,1157000000.0,1097000000.0,-2230000000.0,-2316000000.0,870000000.0,-3015000000.0,-88000000.0,3066000000.0,11118000000.0,24673000000.0,3894000000.0,5484000000.0,1601000000.0,7224000000.0,110000000.0,1157000000.0,3836000000.0,3067000000.0,3946000000.0,5103000000.0,2.78,2.65,4.9057,1174200000.0,1159100000.0,0.002045676382367745,0.04228369249251705,0.08158995815899586,0.0822785483762245,0.12426539131844526,0.15782434239857335,0.4506140315324444,1.2784160799811564,4.568088498140186,3194000000.0,0.1294532484902525,0.2068252745916589,35.872727272727275
2012-08-31,196.96,202.0,193.02,194.85,112.3443,60653700,0.85,113832000000.0,47392000000.0,10864000000.0,10864000000.0,2758000000.0,26857000000.0,66439000000.0,13865000000.0,3657000000.0,3657000000.0,27735000000.0,323000000.0,93268000000.0,38903000000.0,7482000000.0,7669000000.0,54365000000.0,24766000000.0,32435000000.0,20472000000.0,109928000000.0,1161900000.0,4435000000.0,1176000000.0,1358000000.0,-1683000000.0,-3362000000.0,978000000.0,-2987000000.0,-970000000.0,3882000000.0,12281000000.0,25782000000.0,5149000000.0,5409000000.0,1587000000.0,7131000000.0,117000000.0,1176000000.0,5161000000.0,3881000000.0,5278000000.0,6454000000.0,3.51,3.43,2.3324,1161900000.0,1149000000.0,-0.001519793308110029,0.008068683032440955,0.04608673338465481,-0.3372375473275311,0.1505701652315569,0.19971297804669924,0.47634008222791097,1.218209392591831,4.555881203595154,3077000000.0,0.11934683112248856,0.2503296873787914,45.111111111111114
2012-09-28,196.61,208.32,193.25,207.45,119.609,77341400,0.0,113832000000.0,47392000000.0,10864000000.0,10864000000.0,2758000000.0,26857000000.0,66439000000.0,13865000000.0,3657000000.0,3657000000.0,27735000000.0,323000000.0,93268000000.0,38903000000.0,7482000000.0,7669000000.0,54365000000.0,24766000000.0,32435000000.0,20472000000.0,109928000000.0,1161900000.0,4435000000.0,1176000000.0,1358000000.0,-1683000000.0,-3362000000.0,978000000.0,-2987000000.0,-970000000.0,3882000000.0,12281000000.0,25782000000.0,5149000000.0,5409000000.0,1587000000.0,7131000000.0,117000000.0,1176000000.0,5161000000.0,3881000000.0,5278000000.0,6454000000.0,3.51,3.43,2.3324,1161900000.0,1149000000.0,0.06466460692709819,0.03722503161219556,0.07264401060496502,0.27513078344767106,0.1505701652315569,0.19971297804669924,0.47634008222791097,1.218209392591831,4.555881203595154,3077000000.0,0.11934683112248856,0.2503296873787914,45.111111111111114
2012-10-31,208.01,211.79,190.56,194.53,112.1598,96155000,0.0,113832000000.0,47392000000.0,10864000000.0,10864000000.0,2758000000.0,26857000000.0,66439000000.0,13865000000.0,3657000000.0,3657000000.0,27735000000.0,323000000.0,93268000000.0,38903000000.0,7482000000.0,7669000000.0,54365000000.0,24766000000.0,32435000000.0,20472000000.0,109928000000.0,1161900000.0,4435000000.0,1176000000.0,1358000000.0,-1683000000.0,-3362000000.0,978000000.0,-2987000000.0,-970000000.0,3882000000.0,12281000000.0,25782000000.0,5149000000.0,5409000000.0,1587000000.0,7131000000.0,117000000.0,1176000000.0,5161000000.0,3881000000.0,5278000000.0,6454000000.0,3.51,3.43,2.3324,1161900000.0,1149000000.0,-0.06227959434490704,0.06349141476492816,0.10913483781421883,0.24325393644283655,0.1505701652315569,0.19971297804669924,0.47634008222791097,1.218209392591831,4.555881203595154,3077000000.0,0.11934683112248856,0.2503296873787914,45.111111111111114
2012-11-30,194.96,198.0,184.78,190.07,110.0756,81892500,0.85,115778000000.0,48141000000.0,11909000000.0,11909000000.0,2586000000.0,26763000000.0,67639000000.0,14027000000.0,3565000000.0,3565000000.0,28270000000.0,345000000.0,94111000000.0,39499000000.0,7085000000.0,9334000000.0,54612000000.0,24333000000.0,33667000000.0,21541000000.0,112773000000.0,1149300000.0,4514000000.0,1191000000.0,1103000000.0,-1000000000.0,-2507000000.0,1000000000.0,-2986000000.0,1045000000.0,3823000000.0,11732000000.0,24747000000.0,4608000000.0,5480000000.0,1534000000.0,7123000000.0,124000000.0,1191000000.0,5074000000.0,3823000000.0,5198000000.0,6389000000.0,3.62,3.61,0.277,1149300000.0,1137200000.0,-0.018582415446532607,0.06449074922594165,0.06955332246014626,-0.14832822006135926,0.15448337172182486,0.18620438841071646,0.47407766597971474,1.2187903491227625,4.368924376769881,3411000000.0,0.13783488907746394,0.25817270780296603,41.91935483870968
2012-12-31,190.76,196.45,186.94,191.55,110.9327,79320200,0.0,115778000000.0,48141000000.0,11909000000.0,11909000000.0,2586000000.0,26763000000.0,67639000000.0,14027000000.0,3565000000.0,3565000000.0,28270000000.0,345000000.0,94111000000.0,39499000000.0,7085000000.0,9334000000.0,54612000000.0,24333000000.0,33667000000.0,21541000000.0,112773000000.0,1149300000.0,4514000000.0,1191000000.0,1103000000.0,-1000000000.0,-2507000000.0,1000000000.0,-2986000000.0,1045000000.0,3823000000.0,11732000000.0,24747000000.0,4608000000.0,5480000000.0,1534000000.0,7123000000.0,124000000.0,1191000000.0,5074000000.0,3823000000.0,5198000000.0,6389000000.0,3.62,3.61,0.277,1149300000.0,1137200000.0,0.007786466755575372,0.035388355689411476,0.04964761158966322,-0.031410690844704936,0.15448337172182486,0.18620438841071646,0.47407766597971474,1.2187903491227625,4.368924376769881,3411000000.0,0.13783488907746394,0.25817270780296603,41.91935483870968
2013-01-31,194.09,208.58,190.39,203.07,117.6043,87636600,0.0,115778000000.0,48141000000.0,11909000000.0,11909000000.0,2586000000.0,26763000000.0,67639000000.0,14027000000.0,3565000000.0,3565000000.0,28270000000.0,345000000.0,94111000000.0,39499000000.0,7085000000.0,9334000000.0,54612000000.0,24333000000.0,33667000000.0,21541000000.0,112773000000.0,1149300000.0,4514000000.0,1191000000.0,1103000000.0,-1000000000.0,-2507000000.0,1000000000.0,-2986000000.0,1045000000.0,3823000000.0,11732000000.0,24747000000.0,4608000000.0,5480000000.0,1534000000.0,7123000000.0,124000000.0,1191000000.0,5074000000.0,3823000000.0,5198000000.0,6389000000.0,3.62,3.61,0.277,1149300000.0,1137200000.0,0.06014096835288418,0.040070111352731,0.08957502339094907,0.1048459282755212,0.15448337172182486,0.18620438841071646,0.47407766597971474,1.2187903491227625,4.368924376769881,3411000000.0,0.13783488907746394,0.25817270780296603,41.91935483870968
2013-02-28,204.65,205.35,197.51,200.83,116.7988,64144100,0.85,119213000000.0,49433000000.0,10412000000.0,10412000000.0,2287000000.0,30578000000.0,69781000000.0,13996000000.0,3787000000.0,3787000000.0,29247000000.0,717000000.0,100229000000.0,43625000000.0,7952000000.0,9182000000.0,56604000000.0,24088000000.0,33269000000.0,18860000000.0,117641000000.0,1136400000.0,6346000000.0,1152000000.0,1159000000.0,-4100000000.0,-3791000000.0,957000000.0,-3000000000.0,-1497000000.0,5833000000.0,15167000000.0,29304000000.0,8790000000.0,5463000000.0,1580000000.0,6377000000.0,109000000.0,1152000000.0,7831000000.0,5833000000.0,7940000000.0,9092000000.0,5.39,5.25,2.6667,1136397268.0,1124834084.0,-0.006849239356043868,0.03522046199719148,0.03903799233182295,-0.2680672230552076,0.19905132405132406,0.29995904995905,0.5175743925743925,1.133134670487106,5.314369034994698,5187000000.0,0.17700655200655202,0.3102648102648103,72.8440366972477
2013-03-28,200.65,215.9,199.36,213.3,124.0511,76023800,0.0,119213000000.0,49433000000.0,10412000000.0,10412000000.0,2287000000.0,30578000000.0,69781000000.0,13996000000.0,3787000000.0,3787000000.0,29247000000.0,717000000.0,100229000000.0,43625000000.0,7952000000.0,9182000000.0,56604000000.0,24088000000.0,33269000000.0,18860000000.0,117641000000.0,1136400000.0,6346000000.0,1152000000.0,1159000000.0,-4100000000.0,-3791000000.0,957000000.0,-3000000000.0,-1497000000.0,5833000000.0,15167000000.0,29304000000.0,8790000000.0,5463000000.0,1580000000.0,6377000000.0,109000000.0,1152000000.0,7831000000.0,5833000000.0,7940000000.0,9092000000.0,5.39,5.25,2.6667,1136397268.0,1124834084.0,0.06209224752309095,0.039252227181803184,0.07754336615096105,0.18520331565958514,0.19905132405132406,0.29995904995905,0.5175743925743925,1.133134670487106,5.314369034994698,5187000000.0,0.17700655200655202,0.3102648102648103,72.8440366972477
2013-04-30,212.8,214.89,187.68,202.54,117.7933,108666600,0.0,119213000000.0,49433000000.0,10412000000.0,10412000000.0,2287000000.0,30578000000.0,69781000000.0,13996000000.0,3787000000.0,3787000000.0,29247000000.0,717000000.0,100229000000.0,43625000000.0,7952000000.0,9182000000.0,56604000000.0,24088000000.0,33269000000.0,18860000000.0,117641000000.0,1136400000.0,6346000000.0,1152000000.0,1159000000.0,-4100000000.0,-3791000000.0,957000000.0,-3000000000.0,-1497000000.0,5833000000.0,15167000000.0,29304000000.0,8790000000.0,5463000000.0,1580000000.0,6377000000.0,109000000.0,1152000000.0,7831000000.0,5833000000.0,7940000000.0,9092000000.0,5.39,5.25,2.6667,1136397268.0,1124834084.0,-0.050445340670094874,0.0567424846994884,0.13434383331687558,0.42937606381159577,0.19905132405132406,0.29995904995905,0.5175743925743925,1.133134670487106,5.314369034994698,5187000000.0,0.17700655200655202,0.3102648102648103,72.8440366972477
2013-05-31,201.87,211.98,199.2,208.02,121.5415,90683600,0.95,117258000000.0,48949000000.0,10585000000.0,10585000000.0,2421000000.0,28196000000.0,68310000000.0,13597000000.0,3601000000.0,3601000000.0,29025000000.0,1407000000.0,98044000000.0,42122000000.0,7203000000.0,8725000000.0,55922000000.0,24672000000.0,33397000000.0,19092000000.0,119713000000.0,1124000000.0,4023000000.0,1153000000.0,853000000.0,-1000000000.0,-2716000000.0,900000000.0,-2593000000.0,174000000.0,3032000000.0,10678000000.0,23408000000.0,3662000000.0,5142000000.0,1644000000.0,7016000000.0,94000000.0,1153000000.0,3606000000.0,3032000000.0,3700000000.0,4853000000.0,3.0,3.05,-1.6393,1124000000.0,1113700000.0,0.031820145967555113,0.05823618460009372,0.061436400346120565,-0.1654878315876267,0.12952836637047163,0.15644224196855777,0.45616883116883117,1.1620768244622763,5.135344646972554,3170000000.0,0.13542378673957622,0.2073222829801777,39.361702127659576
2013-06-28,208.25,210.05,188.41,191.11,111.6614,80215000,0.0,117258000000.0,48949000000.0,10585000000.0,10585000000.0,2421000000.0,28196000000.0,68310000000.0,13597000000.0,3601000000.0,3601000000.0,29025000000.0,1407000000.0,98044000000.0,42122000000.0,7203000000.0,8725000000.0,55922000000.0,24672000000.0,33397000000.0,19092000000.0,119713000000.0,1124000000.0,4023000000.0,1153000000.0,853000000.0,-1000000000.0,-2716000000.0,900000000.0,-2593000000.0,174000000.0,3032000000.0,10678000000.0,23408000000.0,3662000000.0,5142000000.0,1644000000.0,7016000000.0,94000000.0,1153000000.0,3606000000.0,3032000000.0,3700000000.0,4853000000.0,3.0,3.05,-1.6393,1124000000.0,1113700000.0,-0.08128992977707206,0.05847063109496799,0.11323321647218886,-0.11544093970684888,0.12952836637047163,0.15644224196855777,0.45616883116883117,1.1620768244622763,5.135344646972554,3170000000.0,0.13542378673957622,0.2073222829801777,39.361702127659576
2013-07-31,192.15,200.94,190.26,195.04,113.9576,88079400,0.0,117258000000.0,48949000000.0,10585000000.0,10585000000.0,2421000000.0,28196000000.0,68310000000.0,13597000000.0,3601000000.0,3601000000.0,29025000000.0,1407000000.0,98044000000.0,42122000000.0,7203000000.0,8725000000.0,55922000000.0,24672000000.0,33397000000.0,19092000000.0,119713000000.0,1124000000.0,4023000000.0,1153000000.0,853000000.0,-1000000000.0,-2716000000.0,900000000.0,-2593000000.0,174000000.0,3032000000.0,10678000000.0,23408000000.0,3662000000.0,5142000000.0,1644000000.0,7016000000.0,94000000.0,1153000000.0,3606000000.0,3032000000.0,3700000000.0,4853000000.0,3.0,3.05,-1.6393,1124000000.0,1113700000.0,0.020563954956681618,0.062309449398928005,0.05475799835931095,0.09804151343264977,0.12952836637047163,0.15644224196855777,0.45616883116883117,1.1620768244622763,5.135344646972554,3170000000.0,0.13542378673957622,0.2073222829801777,39.361702127659576
2013-08-30,196.65,197.17,181.1,182.27,107.0329,73077400,0.95,115153000000.0,47911000000.0,9558000000.0,9558000000.0,2389000000.0,28836000000.0,67241000000.0,13356000000.0,3418000000.0,3418000000.0,28846000000.0,799000000.0,97270000000.0,41037000000.0,6821000000.0,7830000000.0,56233000000.0,26292000000.0,34122000000.0,17756000000.0,121883000000.0,1109400000.0,3174000000.0,1136000000.0,996000000.0,-900000000.0,-3327000000.0,1000000000.0,-3552000000.0,-1029000000.0,3226000000.0,12132000000.0,24924000000.0,4175000000.0,6220000000.0,1548000000.0,7957000000.0,98000000.0,1136000000.0,4144000000.0,3226000000.0,4242000000.0,5378000000.0,3.91,3.79,3.1662,1109400000.0,1100900000.0,-0.06076558298876078,0.053867052992936405,0.08816590771931745,-0.17032359439324063,0.12943347777242817,0.16750922805328197,0.4867597496389023,1.1675073713965445,5.47814823158369,2178000000.0,0.08738565238324507,0.2157759589151019,43.285714285714285
2013-09-30,183.63,194.89,182.31,185.18,108.7417,71488100,0.0,115153000000.0,47911000000.0,9558000000.0,9558000000.0,2389000000.0,28836000000.0,67241000000.0,13356000000.0,3418000000.0,3418000000.0,28846000000.0,799000000.0,97270000000.0,41037000000.0,6821000000.0,7830000000.0,56233000000.0,26292000000.0,34122000000.0,17756000000.0,121883000000.0,1109400000.0,3174000000.0,1136000000.0,996000000.0,-900000000.0,-3327000000.0,1000000000.0,-3552000000.0,-1029000000.0,3226000000.0,12132000000.0,24924000000.0,4175000000.0,6220000000.0,1548000000.0,7957000000.0,98000000.0,1136000000.0,4144000000.0,3226000000.0,4242000000.0,5378000000.0,3.91,3.79,3.1662,1109400000.0,1100900000.0,0.015965184536717247,0.04568598092202121,0.0679339021492601,-0.02174817385402328,0.12943347777242817,0.16750922805328197,0.4867597496389023,1.1675073713965445,5.47814823158369,2178000000.0,0.08738565238324507,0.2157759589151019,43.285714285714285
2013-10-31,185.34,186.99,172.57,179.21,105.236,130967100,0.0,115153000000.0,47911000000.0,9558000000.0,9558000000.0,2389000000.0,28836000000.0,67241000000.0,13356000000.0,3418000000.0,3418000000.0,28846000000.0,799000000.0,97270000000.0,41037000000.0,6821000000.0,7830000000.0,56233000000.0,26292000000.0,34122000000.0,17756000000.0,121883000000.0,1109400000.0,3174000000.0,1136000000.0,996000000.0,-900000000.0,-3327000000.0,1000000000.0,-3552000000.0,-1029000000.0,3226000000.0,12132000000.0,24924000000.0,4175000000.0,6220000000.0,1548000000.0,7957000000.0,98000000.0,1136000000.0,4144000000.0,3226000000.0,4242000000.0,5378000000.0,3.91,3.79,3.1662,1109400000.0,1100900000.0,-0.03223878236223998,0.038783612226106705,0.0804642598069305,0.8320126006985777,0.12943347777242817,0.16750922805328197,0.4867597496389023,1.1675073713965445,5.47814823158369,2178000000.0,0.08738565238324507,0.2157759589151019,43.285714285714285
2013-11-29,179.81,186.24,177.31,179.68,106.0714,100984900,0.95,117845000000.0,47533000000.0,10072000000.0,10072000000.0,2492000000.0,28334000000.0,70313000000.0,13877000000.0,4003000000.0,4003000000.0,30882000000.0,160000000.0,97837000000.0,39222000000.0,6263000000.0,7702000000.0,58615000000.0,28478000000.0,36180000000.0,19877000000.0,124885000000.0,1098800000.0,3760000000.0,1175000000.0,1116000000.0,-2500000000.0,-827000000.0,1000000000.0,-1900000000.0,515000000.0,4041000000.0,11429000000.0,23338000000.0,5034000000.0,4830000000.0,1356000000.0,6396000000.0,97000000.0,1175000000.0,4972000000.0,4040000000.0,5069000000.0,6244000000.0,3.99,3.96,0.7576,1098800000.0,1090900000.0,0.007938348093808223,0.0258271638001522,0.049699465716829955,-0.22892925017046262,0.1731510840689005,0.21569971719941725,0.48971634244579654,1.2118963846820663,4.922121044423203,2644000000.0,0.11329162738880795,0.26754649070185965,52.25773195876289
2013-12-31,179.46,187.79,172.73,187.57,110.7291,97993100,0.0,117845000000.0,47533000000.0,10072000000.0,10072000000.0,2492000000.0,28334000000.0,70313000000.0,13877000000.0,4003000000.0,4003000000.0,30882000000.0,160000000.0,97837000000.0,39222000000.0,6263000000.0,7702000000.0,58615000000.0,28478000000.0,36180000000.0,19877000000.0,124885000000.0,1098800000.0,3760000000.0,1175000000.0,1116000000.0,-2500000000.0,-827000000.0,1000000000.0,-1900000000.0,515000000.0,4041000000.0,11429000000.0,23338000000.0,5034000000.0,4830000000.0,1356000000.0,6396000000.0,97000000.0,1175000000.0,4972000000.0,4040000000.0,5069000000.0,6244000000.0,3.99,3.96,0.7576,1098800000.0,1090900000.0,0.0439109882588522,0.038094225760542444,0.08029002505731195,-0.02962621144349309,0.1731510840689005,0.21569971719941725,0.48971634244579654,1.2118963846820663,4.922121044423203,2644000000.0,0.11329162738880795,0.26754649070185965,52.25773195876289
2014-01-31,187.21,190.81,175.34,176.68,104.3004,123489300,0.0,117845000000.0,47533000000.0,10072000000.0,10072000000.0,2492000000.0,28334000000.0,70313000000.0,13877000000.0,4003000000.0,4003000000.0,30882000000.0,160000000.0,97837000000.0,39222000000.0,6263000000.0,7702000000.0,58615000000.0,28478000000.0,36180000000.0,19877000000.0,124885000000.0,1098800000.0,3760000000.0,1175000000.0,1116000000.0,-2500000000.0,-827000000.0,1000000000.0,-1900000000.0,515000000.0,4041000000.0,11429000000.0,23338000000.0,5034000000.0,4830000000.0,1356000000.0,6396000000.0,97000000.0,1175000000.0,4972000000.0,4040000000.0,5069000000.0,6244000000.0,3.99,3.96,0.7576,1098800000.0,1090900000.0,-0.05805790889657736,0.051715878870806184,0.0875594294770206,0.26018362517360916,0.1731510840689005,0.21569971719941725,0.48971634244579654,1.2118963846820663,4.922121044423203,2644000000.0,0.11329162738880795,0.26754649070185965,52.25773195876289
2014-02-28,176.02,186.12,172.19,185.17,109.9068,87054800,0.95,126223000000.0,51350000000.0,10716000000.0,10716000000.0,2310000000.0,31836000000.0,74872000000.0,13821000000.0,3871000000.0,3871000000.0,31184000000.0,350000000.0,103294000000.0,40154000000.0,7461000000.0,6863000000.0,63140000000.0,32856000000.0,39718000000.0,22792000000.0,130042000000.0,1080000000.0,6528000000.0,1214000000.0,1175000000.0,-2900000000.0,-3013000000.0,1000000000.0,-5797000000.0,644000000.0,6184000000.0,14316000000.0,27699000000.0,7042000000.0,5494000000.0,1565000000.0,7274000000.0,113000000.0,1214000000.0,6962000000.0,6185000000.0,7075000000.0,8289000000.0,6.13,6.0,2.1667,1080068624.0,1072546416.0,0.05375243047965306,0.06190861809084391,0.07522816870983424,-0.2950417566542203,0.2232571572980974,0.25423300480161737,0.5168417632405502,1.2788265179060616,4.532028782028782,5353000000.0,0.19325607422650637,0.2992526806021878,62.610619469026545
2014-03-31,183.33,195.63,182.21,192.49,114.2516,118984000,0.0,126223000000.0,51350000000.0,10716000000.0,10716000000.0,2310000000.0,31836000000.0,74872000000.0,13821000000.0,3871000000.0,3871000000.0,31184000000.0,350000000.0,103294000000.0,40154000000.0,7461000000.0,6863000000.0,63140000000.0,32856000000.0,39718000000.0,22792000000.0,130042000000.0,1080000000.0,6528000000.0,1214000000.0,1175000000.0,-2900000000.0,-3013000000.0,1000000000.0,-5797000000.0,644000000.0,6184000000.0,14316000000.0,27699000000.0,7042000000.0,5494000000.0,1565000000.0,7274000000.0,113000000.0,1214000000.0,6962000000.0,6185000000.0,7075000000.0,8289000000.0,6.13,6.0,2.1667,1080068624.0,1072546416.0,0.03953167592905982,0.0608653006206551,0.0697179074237622,0.3667712751048764,0.2232571572980974,0.25423300480161737,0.5168417632405502,1.2788265179060616,4.532028782028782,5353000000.0,0.19325607422650637,0.2992526806021878,62.610619469026545
2014-04-30,193.12,199.21,187.01,196.47,116.6139,118447100,0.0,126223000000.0,51350000000.0,10716000000.0,10716000000.0,2310000000.0,31836000000.0,74872000000.0,13821000000.0,3871000000.0,3871000000.0,31184000000.0,350000000.0,103294000000.0,40154000000.0,7461000000.0,6863000000.0,63140000000.0,32856000000.0,39718000000.0,22792000000.0,130042000000.0,1080000000.0,6528000000.0,1214000000.0,1175000000.0,-2900000000.0,-3013000000.0,1000000000.0,-5797000000.0,644000000.0,6184000000.0,14316000000.0,27699000000.0,7042000000.0,5494000000.0,1565000000.0,7274000000.0,113000000.0,1214000000.0,6962000000.0,6185000000.0,7075000000.0,8289000000.0,6.13,6.0,2.1667,1080068624.0,1072546416.0,0.02067629687461703,0.016592095475120753,0.06209599429938422,-0.0045123714112821345,0.2232571572980974,0.25423300480161737,0.5168417632405502,1.2788265179060616,4.532028782028782,5353000000.0,0.19325607422650637,0.2992526806021878,62.610619469026545
2014-05-30,196.31,196.74,182.33,184.36,110.0619,70018300,1.1,122646000000.0,47959000000.0,9409000000.0,9409000000.0,2456000000.0,9682000000.0,74687000000.0,13683000000.0,3698000000.0,3698000000.0,31214000000.0,295000000.0,105906000000.0,41058000000.0,6865000000.0,9312000000.0,64848000000.0,34668000000.0,43980000000.0,16607000000.0,131431000000.0,1041800000.0,3326000000.0,1141000000.0,961000000.0,35000000.0,-4673000000.0,1000000000.0,-8166000000.0,-1307000000.0,2384000000.0,10627000000.0,22236000000.0,3215000000.0,5787000000.0,1402000000.0,7413000000.0,105000000.0,1141000000.0,3183000000.0,2384000000.0,3288000000.0,4429000000.0,2.54,2.54,0.0,1041800000.0,1035200000.0,-0.05618541185913517,0.05070339976012779,0.07816229116945105,-0.40886437911945506,0.10721352761288001,0.14458535707861125,0.47791869041194457,1.1680793024501923,6.377190341422292,2365000000.0,0.10635905738442165,0.19918150746537147,31.314285714285713
2014-06-30,184.76,187.65,179.27,181.27,108.2172,78501700,0.0,122646000000.0,47959000000.0,9409000000.0,9409000000.0,2456000000.0,9682000000.0,74687000000.0,13683000000.0,3698000000.0,3698000000.0,31214000000.0,295000000.0,105906000000.0,41058000000.0,6865000000.0,9312000000.0,64848000000.0,34668000000.0,43980000000.0,16607000000.0,131431000000.0,1041800000.0,3326000000.0,1141000000.0,961000000.0,35000000.0,-4673000000.0,1000000000.0,-8166000000.0,-1307000000.0,2384000000.0,10627000000.0,22236000000.0,3215000000.0,5787000000.0,1402000000.0,7413000000.0,105000000.0,1141000000.0,3183000000.0,2384000000.0,3288000000.0,4429000000.0,2.54,2.54,0.0,1041800000.0,1035200000.0,-0.016760568371071094,0.03843513894202023,0.04622938158548019,0.12115975395003886,0.10721352761288001,0.14458535707861125,0.47791869041194457,1.1680793024501923,6.377190341422292,2365000000.0,0.10635905738442165,0.19918150746537147,31.314285714285713
2014-07-31,181.7,196.4,181.7,191.67,114.426,97597800,0.0,122646000000.0,47959000000.0,9409000000.0,9409000000.0,2456000000.0,9682000000.0,74687000000.0,13683000000.0,3698000000.0,3698000000.0,31214000000.0,295000000.0,105906000000.0,41058000000.0,6865000000.0,9312000000.0,64848000000.0,34668000000.0,43980000000.0,16607000000.0,131431000000.0,1041800000.0,3326000000.0,1141000000.0,961000000.0,35000000.0,-4673000000.0,1000000000.0,-8166000000.0,-1307000000.0,2384000000.0,10627000000.0,22236000000.0,3215000000.0,5787000000.0,1402000000.0,7413000000.0,105000000.0,1141000000.0,3183000000.0,2384000000.0,3288000000.0,4429000000.0,2.54,2.54,0.0,1041800000.0,1035200000.0,0.05737350439671318,0.057656752264876904,0.0766943183596808,0.24325715239287815,0.10721352761288001,0.14458535707861125,0.47791869041194457,1.1680793024501923,6.377190341422292,2365000000.0,0.10635905738442165,0.19918150746537147,31.314285714285713
2014-08-29,190.5,194.133,183.58,192.3,115.4811,53441600,1.1,124314000000.0,48182000000.0,9715000000.0,9715000000.0,2338000000.0,30077000000.0,76132000000.0,13748000000.0,3585000000.0,3585000000.0,31568000000.0,5000000.0,106801000000.0,42433000000.0,6271000000.0,12463000000.0,64368000000.0,34008000000.0,46470000000.0,17377000000.0,134483000000.0,1005100000.0,3579000000.0,1166000000.0,1018000000.0,-1000000000.0,-2260000000.0,1100000000.0,-3662000000.0,307000000.0,4137000000.0,12044000000.0,24047000000.0,5348000000.0,5085000000.0,1361000000.0,6696000000.0,136000000.0,1166000000.0,5348000000.0,4137000000.0,5484000000.0,6650000000.0,4.32,4.31,0.232,1005100000.0,999600000.0,0.009220806460070285,0.03761554399853207,0.054877795111804455,-0.45243028019074205,0.17203809206969684,0.22239780429991268,0.5008524971929971,1.1354841750524356,6.146112677677389,2561000000.0,0.1064997712812409,0.27654177236245686,40.3235294117647
2014-09-30,192.68,195.0,188.12,189.83,113.9978,64033759,0.0,124314000000.0,48182000000.0,9715000000.0,9715000000.0,2338000000.0,30077000000.0,76132000000.0,13748000000.0,3585000000.0,3585000000.0,31568000000.0,5000000.0,106801000000.0,42433000000.0,6271000000.0,12463000000.0,64368000000.0,34008000000.0,46470000000.0,17377000000.0,134483000000.0,1005100000.0,3579000000.0,1166000000.0,1018000000.0,-1000000000.0,-2260000000.0,1100000000.0,-3662000000.0,307000000.0,4137000000.0,12044000000.0,24047000000.0,5348000000.0,5085000000.0,1361000000.0,6696000000.0,136000000.0,1166000000.0,5348000000.0,4137000000.0,5484000000.0,6650000000.0,4.32,4.31,0.232,1005100000.0,999600000.0,-0.01284452607396358,0.035907596739399486,0.03624295422219878,0.1982006339630551,0.17203809206969684,0.22239780429991268,0.5008524971929971,1.1354841750524356,6.146112677677389,2561000000.0,0.1064997712812409,0.27654177236245686,40.3235294117647
2014-10-31,189.91,190.89,161.1,164.4,98.7265,146272610,0.0,124314000000.0,48182000000.0,9715000000.0,9715000000.0,2338000000.0,30077000000.0,76132000000.0,13748000000.0,3585000000.0,3585000000.0,31568000000.0,5000000.0,106801000000.0,42433000000.0,6271000000.0,12463000000.0,64368000000.0,34008000000.0,46470000000.0,17377000000.0,134483000000.0,1005100000.0,3579000000.0,1166000000.0,1018000000.0,-1000000000.0,-2260000000.0,1100000000.0,-3662000000.0,307000000.0,4137000000.0,12044000000.0,24047000000.0,5348000000.0,5085000000.0,1361000000.0,6696000000.0,136000000.0,1166000000.0,5348000000.0,4137000000.0,5484000000.0,6650000000.0,4.32,4.31,0.232,1005100000.0,999600000.0,-0.1339613571489976,0.07709009625677156,0.18120437956204374,1.2843045962677282,0.17203809206969684,0.22239780429991268,0.5008524971929971,1.1354841750524356,6.146112677677389,2561000000.0,0.1064997712812409,0.27654177236245686,40.3235294117647
2014-11-28,164.25,164.97,159.8,162.17,98.0508,80018581,1.1,118911000000.0,47163000000.0,9561000000.0,9561000000.0,2356000000.0,28002000000.0,71745000000.0,11068000000.0,3373000000.0,3373000000.0,31045000000.0,4000000.0,104516000000.0,42306000000.0,5855000000.0,12876000000.0,62210000000.0,32821000000.0,45697000000.0,14255000000.0,133403000000.0,997700000.0,3904000000.0,1139000000.0,1150000000.0,-800000000.0,-2820000000.0,1090000000.0,-1719000000.0,-155000000.0,18000000.0,10874000000.0,22397000000.0,4485000000.0,4778000000.0,1354000000.0,6389000000.0,126000000.0,1139000000.0,4361000000.0,3455000000.0,4487000000.0,5626000000.0,3.54,4.32,-18.0556,997700000.0,991800000.0,-0.006844160382470821,0.07172176897784704,0.03188012579391988,-0.4529489765718955,0.0008036790641603786,0.20025003348662768,0.48551145242666427,1.1148064104382358,7.3318835496317085,2754000000.0,0.12296289681653792,0.2511943563870161,35.611111111111114
2014-12-31,161.64,164.52,150.5,160.44,97.0048,101614529,0.0,118911000000.0,47163000000.0,9561000000.0,9561000000.0,2356000000.0,28002000000.0,71745000000.0,11068000000.0,3373000000.0,3373000000.0,31045000000.0,4000000.0,104516000000.0,42306000000.0,5855000000.0,12876000000.0,62210000000.0,32821000000.0,45697000000.0,14255000000.0,133403000000.0,997700000.0,3904000000.0,1139000000.0,1150000000.0,-800000000.0,-2820000000.0,1090000000.0,-1719000000.0,-155000000.0,18000000.0,10874000000.0,22397000000.0,4485000000.0,4778000000.0,1354000000.0,6389000000.0,126000000.0,1139000000.0,4361000000.0,3455000000.0,4487000000.0,5626000000.0,3.54,4.32,-18.0556,997700000.0,991800000.0,-0.010667939476271426,0.07231259669167779,0.08738469209673405,0.26988666544836626,0.0008036790641603786,0.20025003348662768,0.48551145242666427,1.1148064104382358,7.3318835496317085,2754000000.0,0.12296289681653792,0.2511943563870161,35.611111111111114
2015-01-30,161.31,163.31,149.52,153.31,92.6939,117395861,0.0,118911000000.0,47163000000.0,9561000000.0,9561000000.0,2356000000.0,28002000000.0,71745000000.0,11068000000.0,3373000000.0,3373000000.0,31045000000.0,4000000.0,104516000000.0,42306000000.0,5855000000.0,12876000000.0,62210000000.0,32821000000.0,45697000000.0,14255000000.0,133403000000.0,997700000.0,3904000000.0,1139000000.0,1150000000.0,-800000000.0,-2820000000.0,1090000000.0,-1719000000.0,-155000000.0,18000000.0,10874000000.0,22397000000.0,4485000000.0,4778000000.0,1354000000.0,6389000000.0,126000000.0,1139000000.0,4361000000.0,3455000000.0,4487000000.0,5626000000.0,3.54,4.32,-18.0556,997700000.0,991800000.0,-0.04444006894504193,0.020690699827293095,0.08994847041941159,0.15530586182218098,0.0008036790641603786,0.20025003348662768,0.48551145242666427,1.1148064104382358,7.3318835496317085,2754000000.0,0.12296289681653792,0.2511943563870161,35.611111111111114
2015-02-27,154.0,164.99,151.51,161.94,98.5989,77654705,1.1,117532000000.0,47377000000.0,8476000000.0,8476000000.0,2103000000.0,31831000000.0,68111000000.0,10771000000.0,3104000000.0,3104000000.0,30556000000.0,5000000.0,105518000000.0,39581000000.0,6864000000.0,5731000000.0,65918000000.0,35073000000.0,40804000000.0,11868000000.0,137793000000.0,995400000.0,6059000000.0,1046000000.0,1054000000.0,-1200000000.0,-5699000000.0,1100000000.0,-132000000.0,-1085000000.0,5483000000.0,12862000000.0,24113000000.0,5817000000.0,5515000000.0,1320000000.0,7045000000.0,117000000.0,1046000000.0,7095000000.0,5775000000.0,7212000000.0,8258000000.0,5.81,5.41,7.3937,995301920.0,990390336.0,0.06370429985144654,0.05532779773595687,0.08324070643448202,-0.3385226332638763,0.227387716169701,0.24123916559532202,0.5334052171028076,1.19696318940906,8.890967307044152,5005000000.0,0.20756438435698585,0.34247086633766016,61.64102564102564
2015-03-31,161.68,165.35,153.4,160.5,97.7222,104899758,0.0,117532000000.0,47377000000.0,8476000000.0,8476000000.0,2103000000.0,31831000000.0,68111000000.0,10771000000.0,3104000000.0,3104000000.0,30556000000.0,5000000.0,105518000000.0,39581000000.0,6864000000.0,5731000000.0,65918000000.0,35073000000.0,40804000000.0,11868000000.0,137793000000.0,995400000.0,6059000000.0,1046000000.0,1054000000.0,-1200000000.0,-5699000000.0,1100000000.0,-132000000.0,-1085000000.0,5483000000.0,12862000000.0,24113000000.0,5817000000.0,5515000000.0,1320000000.0,7045000000.0,117000000.0,1046000000.0,7095000000.0,5775000000.0,7212000000.0,8258000000.0,5.81,5.41,7.3937,995301920.0,990390336.0,-0.008891579926348037,0.05511965973318892,0.07445482866043607,0.3508487090382997,0.227387716169701,0.24123916559532202,0.5334052171028076,1.19696318940906,8.890967307044152,5005000000.0,0.20756438435698585,0.34247086633766016,61.64102564102564
2015-04-30,160.23,175.1303,158.39,171.29,104.2918,93821213,0.0,117532000000.0,47377000000.0,8476000000.0,8476000000.0,2103000000.0,31831000000.0,68111000000.0,10771000000.0,3104000000.0,3104000000.0,30556000000.0,5000000.0,105518000000.0,39581000000.0,6864000000.0,5731000000.0,65918000000.0,35073000000.0,40804000000.0,11868000000.0,137793000000.0,995400000.0,6059000000.0,1046000000.0,1054000000.0,-1200000000.0,-5699000000.0,1100000000.0,-132000000.0,-1085000000.0,5483000000.0,12862000000.0,24113000000.0,5817000000.0,5515000000.0,1320000000.0,7045000000.0,117000000.0,1046000000.0,7095000000.0,5775000000.0,7212000000.0,8258000000.0,5.81,5.41,7.3937,995301920.0,990390336.0,0.06722730351956874,0.04296637780988501,0.09773074902212633,-0.10561077748148862,0.227387716169701,0.24123916559532202,0.5334052171028076,1.19696318940906,8.890967307044152,5005000000.0,0.20756438435698585,0.34247086633766016,61.64102564102564
2015-05-29,173.2,176.3,168.84,169.65,104.0829,57916093,1.3,112037000000.0,46316000000.0,8796000000.0,8796000000.0,1970000000.0,27849000000.0,65722000000.0,10509000000.0,2991000000.0,2991000000.0,29871000000.0,8000000.0,99748000000.0,35640000000.0,6314000000.0,4532000000.0,64108000000.0,34295000000.0,38827000000.0,12141000000.0,139030000000.0,992300000.0,3610000000.0,968000000.0,970000000.0,600000000.0,-3402000000.0,1100000000.0,-1165000000.0,319000000.0,2328000000.0,9452000000.0,19590000000.0,3048000000.0,4887000000.0,1298000000.0,6404000000.0,108000000.0,968000000.0,3001000000.0,2415000000.0,3109000000.0,4077000000.0,2.91,2.84,2.4648,992300000.0,988100000.0,-0.0020030337955621036,0.04209983390627541,0.04397288535219574,-0.38269724779618874,0.11883614088820826,0.1555895865237366,0.48249106687085247,1.299551066217733,8.215797710238036,2640000000.0,0.13476263399693722,0.20811638591117917,28.787037037037038
2015-06-30,170.21,171.5601,162.12,162.66,99.7944,80845501,0.0,112037000000.0,46316000000.0,8796000000.0,8796000000.0,1970000000.0,27849000000.0,65722000000.0,10509000000.0,2991000000.0,2991000000.0,29871000000.0,8000000.0,99748000000.0,35640000000.0,6314000000.0,4532000000.0,64108000000.0,34295000000.0,38827000000.0,12141000000.0,139030000000.0,992300000.0,3610000000.0,968000000.0,970000000.0,600000000.0,-3402000000.0,1100000000.0,-1165000000.0,319000000.0,2328000000.0,9452000000.0,19590000000.0,3048000000.0,4887000000.0,1298000000.0,6404000000.0,108000000.0,968000000.0,3001000000.0,2415000000.0,3109000000.0,4077000000.0,2.91,2.84,2.4648,992300000.0,988100000.0,-0.041202733590243956,0.05490374762010845,0.05803578015492439,0.3959073689587451,0.11883614088820826,0.1555895865237366,0.48249106687085247,1.299551066217733,8.215797710238036,2640000000.0,0.13476263399693722,0.20811638591117917,28.787037037037038
2015-07-31,163.97,173.78,158.5,161.99,99.3834,93805392,0.0,112037000000.0,46316000000.0,8796000000.0,8796000000.0,1970000000.0,27849000000.0,65722000000.0,10509000000.0,2991000000.0,2991000000.0,29871000000.0,8000000.0,99748000000.0,35640000000.0,6314000000.0,4532000000.0,64108000000.0,34295000000.0,38827000000.0,12141000000.0,139030000000.0,992300000.0,3610000000.0,968000000.0,970000000.0,600000000.0,-3402000000.0,1100000000.0,-1165000000.0,319000000.0,2328000000.0,9452000000.0,19590000000.0,3048000000.0,4887000000.0,1298000000.0,6404000000.0,108000000.0,968000000.0,3001000000.0,2415000000.0,3109000000.0,4077000000.0,2.91,2.84,2.4648,992300000.0,988100000.0,-0.004118467569322548,0.022046671367634666,0.0943268102969319,0.1603044181765909,0.11883614088820826,0.1555895865237366,0.48249106687085247,1.299551066217733,8.215797710238036,2640000000.0,0.13476263399693722,0.20811638591117917,28.787037037037038
2015-08-31,161.7,161.85,140.62,147.89,91.4874,93750967,1.3,112729000000.0,45186000000.0,8393000000.0,8393000000.0,1912000000.0,8632000000.0,67543000000.0,10702000000.0,2938000000.0,2938000000.0,30535000000.0,367000000.0,98892000000.0,35535000000.0,5943000000.0,5329000000.0,63357000000.0,33339000000.0,38668000000.0,13684000000.0,141218000000.0,986700000.0,3884000000.0,961000000.0,1042000000.0,-1900000000.0,-2568000000.0,1300000000.0,-1138000000.0,-402000000.0,3449000000.0,10390000000.0,20814000000.0,4112000000.0,4693000000.0,1300000000.0,6279000000.0,115000000.0,961000000.0,4224000000.0,3526000000.0,4339000000.0,5300000000.0,3.84,3.79,1.3193,986700000.0,982300000.0,-0.0794498880094664,0.03766720614585971,0.14355264047602942,-0.0005801905289196663,0.1657057749591621,0.1975593350629384,0.49918324204862113,1.2715913887716337,7.2268342589886,2842000000.0,0.13654271163639858,0.2546363024887095,37.7304347826087
2015-09-30,144.84,149.68,141.1501,144.97,89.681,81761648,0.0,112729000000.0,45186000000.0,8393000000.0,8393000000.0,1912000000.0,8632000000.0,67543000000.0,10702000000.0,2938000000.0,2938000000.0,30535000000.0,367000000.0,98892000000.0,35535000000.0,5943000000.0,5329000000.0,63357000000.0,33339000000.0,38668000000.0,13684000000.0,141218000000.0,986700000.0,3884000000.0,961000000.0,1042000000.0,-1900000000.0,-2568000000.0,1300000000.0,-1138000000.0,-402000000.0,3449000000.0,10390000000.0,20814000000.0,4112000000.0,4693000000.0,1300000000.0,6279000000.0,115000000.0,961000000.0,4224000000.0,3526000000.0,4339000000.0,5300000000.0,3.84,3.79,1.3193,986700000.0,982300000.0,-0.019744795458172315,0.03975697654789295,0.05883907015244532,-0.12788475024476276,0.1657057749591621,0.1975593350629384,0.49918324204862113,1.2715913887716337,7.2268342589886,2842000000.0,0.13654271163639858,0.2546363024887095,37.7304347826087
2015-10-30,145.31,153.147,137.33,140.08,86.656,120622363,0.0,112729000000.0,45186000000.0,8393000000.0,8393000000.0,1912000000.0,8632000000.0,67543000000.0,10702000000.0,2938000000.0,2938000000.0,30535000000.0,367000000.0,98892000000.0,35535000000.0,5943000000.0,5329000000.0,63357000000.0,33339000000.0,38668000000.0,13684000000.0,141218000000.0,986700000.0,3884000000.0,961000000.0,1042000000.0,-1900000000.0,-2568000000.0,1300000000.0,-1138000000.0,-402000000.0,3449000000.0,10390000000.0,20814000000.0,4112000000.0,4693000000.0,1300000000.0,6279000000.0,115000000.0,961000000.0,4224000000.0,3526000000.0,4339000000.0,5300000000.0,3.84,3.79,1.3193,986700000.0,982300000.0,-0.033730667588452334,0.03122645729641378,0.11291404911479139,0.4752927069180406,0.1657057749591621,0.1975593350629384,0.49918324204862113,1.2715913887716337,7.2268342589886,2842000000.0,0.13654271163639858,0.2546363024887095,37.7304347826087
2015-11-30,140.5,142.8,131.65,139.42,87.0587,85421426,1.3,108649000000.0,42112000000.0,9480000000.0,9480000000.0,1613000000.0,25113000000.0,66537000000.0,10661000000.0,2775000000.0,2775000000.0,30275000000.0,88000000.0,95198000000.0,33732000000.0,5166000000.0,7539000000.0,61466000000.0,32122000000.0,39660000000.0,13294000000.0,141898000000.0,979000000.0,4235000000.0,936000000.0,1065000000.0,-1300000000.0,-1848000000.0,1300000000.0,-1543000000.0,1087000000.0,2950000000.0,9436000000.0,19280000000.0,3631000000.0,4318000000.0,1287000000.0,5805000000.0,117000000.0,936000000.0,3621000000.0,2962000000.0,3738000000.0,4674000000.0,3.34,3.3,1.2121,979000000.0,975100000.0,0.004647110413589228,0.019422596529452846,0.0799741787404964,-0.2918276190626443,0.15300829875518673,0.1883298755186722,0.48941908713692944,1.248428791651844,7.160974875883857,3170000000.0,0.16441908713692946,0.24242738589211618,31.94871794871795
2015-12-31,139.58,141.4,133.91,137.62,85.9347,97650594,0.0,108649000000.0,42112000000.0,9480000000.0,9480000000.0,1613000000.0,25113000000.0,66537000000.0,10661000000.0,2775000000.0,2775000000.0,30275000000.0,88000000.0,95198000000.0,33732000000.0,5166000000.0,7539000000.0,61466000000.0,32122000000.0,39660000000.0,13294000000.0,141898000000.0,979000000.0,4235000000.0,936000000.0,1065000000.0,-1300000000.0,-1848000000.0,1300000000.0,-1543000000.0,1087000000.0,2950000000.0,9436000000.0,19280000000.0,3631000000.0,4318000000.0,1287000000.0,5805000000.0,117000000.0,936000000.0,3621000000.0,2962000000.0,3738000000.0,4674000000.0,3.34,3.3,1.2121,979000000.0,975100000.0,-0.01291082913023045,0.01921197872346375,0.054425228891149605,0.14316277042717607,0.15300829875518673,0.1883298755186722,0.48941908713692944,1.248428791651844,7.160974875883857,3170000000.0,0.16441908713692946,0.24242738589211618,31.94871794871795
2016-01-29,135.6,136.89,118.0,124.79,77.9232,126204196,0.0,108649000000.0,42112000000.0,9480000000.0,9480000000.0,1613000000.0,25113000000.0,66537000000.0,10661000000.0,2775000000.0,2775000000.0,30275000000.0,88000000.0,95198000000.0,33732000000.0,5166000000.0,7539000000.0,61466000000.0,32122000000.0,39660000000.0,13294000000.0,141898000000.0,979000000.0,4235000000.0,936000000.0,1065000000.0,-1300000000.0,-1848000000.0,1300000000.0,-1543000000.0,1087000000.0,2950000000.0,9436000000.0,19280000000.0,3631000000.0,4318000000.0,1287000000.0,5805000000.0,117000000.0,936000000.0,3621000000.0,2962000000.0,3738000000.0,4674000000.0,3.34,3.3,1.2121,979000000.0,975100000.0,-0.0932277648028097,0.052183302877905666,0.15137430883884914,0.29240581987652825,0.15300829875518673,0.1883298755186722,0.48941908713692944,1.248428791651844,7.160974875883857,3170000000.0,0.16441908713692946,0.24242738589211618,31.94871794871795
2016-02-29,124.4,134.92,116.901,131.03,82.6573,106703104,1.3,110495000000.0,42504000000.0,7686000000.0,7686000000.0,1551000000.0,28554000000.0,67991000000.0,10727000000.0,3487000000.0,3487000000.0,32021000000.0,508000000.0,96071000000.0,34269000000.0,6028000000.0,6461000000.0,61802000000.0,33428000000.0,39889000000.0,14262000000.0,146124000000.0,972800000.0,5279000000.0,990000000.0,1074000000.0,-5400000000.0,-1348000000.0,1300000000.0,-763000000.0,-1794000000.0,4463000000.0,11406000000.0,22060000000.0,5127000000.0,4708000000.0,1362000000.0,6281000000.0,128000000.0,990000000.0,5099000000.0,4461000000.0,5227000000.0,6217000000.0,4.84,4.81,0.6237,972801068.0,969578092.0,0.06075340848425137,0.07701453519305741,0.13751812562008695,-0.1545201555739082,0.20231187669990933,0.23241160471441524,0.5170444242973709,1.2403046485161515,6.736152012340485,4205000000.0,0.19061650045330916,0.2818223028105168,40.8359375
2016-03-31,132.24,153.1,132.03,151.45,95.5388,105698603,0.0,110495000000.0,42504000000.0,7686000000.0,7686000000.0,1551000000.0,28554000000.0,67991000000.0,10727000000.0,3487000000.0,3487000000.0,32021000000.0,508000000.0,96071000000.0,34269000000.0,6028000000.0,6461000000.0,61802000000.0,33428000000.0,39889000000.0,14262000000.0,146124000000.0,972800000.0,5279000000.0,990000000.0,1074000000.0,-5400000000.0,-1348000000.0,1300000000.0,-763000000.0,-1794000000.0,4463000000.0,11406000000.0,22060000000.0,5127000000.0,4708000000.0,1362000000.0,6281000000.0,128000000.0,990000000.0,5099000000.0,4461000000.0,5227000000.0,6217000000.0,4.84,4.81,0.6237,972801068.0,969578092.0,0.15584225470708568,0.1256900718841849,0.13912182238362492,-0.009413981059070209,0.20231187669990933,0.23241160471441524,0.5170444242973709,1.2403046485161515,6.736152012340485,4205000000.0,0.19061650045330916,0.2818223028105168,40.8359375
2016-04-29,150.51,153.52,142.61,145.94,92.063,94431134,0.0,110495000000.0,42504000000.0,7686000000.0,7686000000.0,1551000000.0,28554000000.0,67991000000.0,10727000000.0,3487000000.0,3487000000.0,32021000000.0,508000000.0,96071000000.0,34269000000.0,6028000000.0,6461000000.0,61802000000.0,33428000000.0,39889000000.0,14262000000.0,146124000000.0,972800000.0,5279000000.0,990000000.0,1074000000.0,-5400000000.0,-1348000000.0,1300000000.0,-763000000.0,-1794000000.0,4463000000.0,11406000000.0,22060000000.0,5127000000.0,4708000000.0,1362000000.0,6281000000.0,128000000.0,990000000.0,5099000000.0,4461000000.0,5227000000.0,6217000000.0,4.84,4.81,0.6237,972801068.0,969578092.0,-0.03638103053419128,0.09611345666135647,0.07475674934904754,-0.1065999803232972,0.20231187669990933,0.23241160471441524,0.5170444242973709,1.2403046485161515,6.736152012340485,4205000000.0,0.19061650045330916,0.2818223028105168,40.8359375
2016-05-31,146.56,153.81,142.9,153.74,97.9053,75248178,1.4,118856000000.0,47623000000.0,14354000000.0,14354000000.0,1690000000.0,26730000000.0,71235000000.0,10910000000.0,4373000000.0,4373000000.0,34322000000.0,515000000.0,103784000000.0,34664000000.0,5302000000.0,5302000000.0,69120000000.0,40254000000.0,45557000000.0,14925000000.0,146888000000.0,964400000.0,5530000000.0,1024000000.0,1100000000.0,-2000000000.0,2806000000.0,1200000000.0,-966000000.0,6668000000.0,2014000000.0,8686000000.0,18684000000.0,1530000000.0,5468000000.0,1458000000.0,7155000000.0,147000000.0,1024000000.0,1034000000.0,2016000000.0,1181000000.0,2205000000.0,2.35,2.17,8.2949,964400000.0,961700000.0,0.06345980469895607,0.09613575543513657,0.07096396513594377,-0.2031422814428978,0.10779276386212802,0.08188824662813102,0.46488974523656607,1.3738460650819293,6.953701842546064,4430000000.0,0.2371012631128238,0.11801541425818883,8.034013605442176
2016-06-30,153.0,155.48,142.5,151.78,96.6571,77115961,0.0,118856000000.0,47623000000.0,14354000000.0,14354000000.0,1690000000.0,26730000000.0,71235000000.0,10910000000.0,4373000000.0,4373000000.0,34322000000.0,515000000.0,103784000000.0,34664000000.0,5302000000.0,5302000000.0,69120000000.0,40254000000.0,45557000000.0,14925000000.0,146888000000.0,964400000.0,5530000000.0,1024000000.0,1100000000.0,-2000000000.0,2806000000.0,1200000000.0,-966000000.0,6668000000.0,2014000000.0,8686000000.0,18684000000.0,1530000000.0,5468000000.0,1458000000.0,7155000000.0,147000000.0,1024000000.0,1034000000.0,2016000000.0,1181000000.0,2205000000.0,2.35,2.17,8.2949,964400000.0,961700000.0,-0.012749054443426444,0.05217670758392502,0.08551851363816043,0.024821637541841968,0.10779276386212802,0.08188824662813102,0.46488974523656607,1.3738460650819293,6.953701842546064,4430000000.0,0.2371012631128238,0.11801541425818883,8.034013605442176
2016-07-29,152.19,163.6,149.92,160.62,102.2866,69930927,0.0,118856000000.0,47623000000.0,14354000000.0,14354000000.0,1690000000.0,26730000000.0,71235000000.0,10910000000.0,4373000000.0,4373000000.0,34322000000.0,515000000.0,103784000000.0,34664000000.0,5302000000.0,5302000000.0,69120000000.0,40254000000.0,45557000000.0,14925000000.0,146888000000.0,964400000.0,5530000000.0,1024000000.0,1100000000.0,-2000000000.0,2806000000.0,1200000000.0,-966000000.0,6668000000.0,2014000000.0,8686000000.0,18684000000.0,1530000000.0,5468000000.0,1458000000.0,7155000000.0,147000000.0,1024000000.0,1034000000.0,2016000000.0,1181000000.0,2205000000.0,2.35,2.17,8.2949,964400000.0,961700000.0,0.0582419708433215,0.042572960262730525,0.08516996638027646,-0.09317181432777577,0.10779276386212802,0.08188824662813102,0.46488974523656607,1.3738460650819293,6.953701842546064,4430000000.0,0.2371012631128238,0.11801541425818883,8.034013605442176
2016-08-31,160.65,164.95,157.85,158.88,102.0527,69680582,1.4,118056000000.0,43524000000.0,10017000000.0,10017000000.0,1685000000.0,8782000000.0,74532000000.0,11092000000.0,5148000000.0,5148000000.0,36422000000.0,600000000.0,102167000000.0,33585000000.0,5484000000.0,4887000000.0,68582000000.0,39638000000.0,44525000000.0,15733000000.0,148071000000.0,960500000.0,3458000000.0,1103000000.0,1021000000.0,-4522000000.0,-3240000000.0,1340000000.0,-921000000.0,-4338000000.0,2504000000.0,9702000000.0,20239000000.0,3279000000.0,4826000000.0,1465000000.0,6424000000.0,167000000.0,1103000000.0,3049000000.0,2505000000.0,3216000000.0,4319000000.0,2.95,2.88,2.4306,960500000.0,957400000.0,-0.0022867120424376886,0.03832516086433743,0.04468781470292041,-0.0035798896245147205,0.12372152774346559,0.1620139334947379,0.47937151045012105,1.295935685573917,6.493802834805822,2437000000.0,0.12041108750432333,0.2133998715351549,19.25748502994012
2016-09-30,158.32,165.0,153.21,158.85,102.0334,69951563,0.0,118056000000.0,43524000000.0,10017000000.0,10017000000.0,1685000000.0,8782000000.0,74532000000.0,11092000000.0,5148000000.0,5148000000.0,36422000000.0,600000000.0,102167000000.0,33585000000.0,5484000000.0,4887000000.0,68582000000.0,39638000000.0,44525000000.0,15733000000.0,148071000000.0,960500000.0,3458000000.0,1103000000.0,1021000000.0,-4522000000.0,-3240000000.0,1340000000.0,-921000000.0,-4338000000.0,2504000000.0,9702000000.0,20239000000.0,3279000000.0,4826000000.0,1465000000.0,6424000000.0,167000000.0,1103000000.0,3049000000.0,2505000000.0,3216000000.0,4319000000.0,2.95,2.88,2.4306,960500000.0,957400000.0,-0.00018911797532061847,0.03435673998234621,0.07422096317280448,0.0038889026500954493,0.12372152774346559,0.1620139334947379,0.47937151045012105,1.295935685573917,6.493802834805822,2437000000.0,0.12041108750432333,0.2133998715351549,19.25748502994012
2016-10-31,158.06,158.53,147.79,153.69,98.719,78325840,0.0,118056000000.0,43524000000.0,10017000000.0,10017000000.0,1685000000.0,8782000000.0,74532000000.0,11092000000.0,5148000000.0,5148000000.0,36422000000.0,600000000.0,102167000000.0,33585000000.0,5484000000.0,4887000000.0,68582000000.0,39638000000.0,44525000000.0,15733000000.0,148071000000.0,960500000.0,3458000000.0,1103000000.0,1021000000.0,-4522000000.0,-3240000000.0,1340000000.0,-921000000.0,-4338000000.0,2504000000.0,9702000000.0,20239000000.0,3279000000.0,4826000000.0,1465000000.0,6424000000.0,167000000.0,1103000000.0,3049000000.0,2505000000.0,3216000000.0,4319000000.0,2.95,2.88,2.4306,960500000.0,957400000.0,-0.03248348089939179,0.018070097891924562,0.06988092914308029,0.1197153664743702,0.12372152774346559,0.1620139334947379,0.47937151045012105,1.295935685573917,6.493802834805822,2437000000.0,0.12041108750432333,0.2133998715351549,19.25748502994012
2016-11-30,153.5,164.66,151.0,162.22,105.1382,76340912,1.4,115606000000.0,41433000000.0,9039000000.0,9039000000.0,1729000000.0,25196000000.0,74173000000.0,11104000000.0,4881000000.0,4881000000.0,36401000000.0,929000000.0,98447000000.0,34447000000.0,5271000000.0,6920000000.0,64000000000.0,35563000000.0,42483000000.0,17010000000.0,149585000000.0,957300000.0,4117000000.0,1127000000.0,914000000.0,-1050000000.0,-4185000000.0,1337000000.0,-860000000.0,-978000000.0,2853000000.0,9013000000.0,19227000000.0,3380000000.0,4287000000.0,1397000000.0,5634000000.0,158000000.0,1127000000.0,3263000000.0,2854000000.0,3421000000.0,4548000000.0,3.29,3.23,1.8576,957300000.0,954000000.0,0.06502496986395734,0.04967175773624487,0.08420663296757487,-0.02534193058127432,0.14838508347636137,0.1757944557133198,0.46876787850418683,1.202804308067466,5.787595532039976,3203000000.0,0.16658865137566964,0.2365423623030114,21.651898734177216
2016-12-30,161.95,169.952,158.3,165.99,107.5816,69463793,0.0,115606000000.0,41433000000.0,9039000000.0,9039000000.0,1729000000.0,25196000000.0,74173000000.0,11104000000.0,4881000000.0,4881000000.0,36401000000.0,929000000.0,98447000000.0,34447000000.0,5271000000.0,6920000000.0,64000000000.0,35563000000.0,42483000000.0,17010000000.0,149585000000.0,957300000.0,4117000000.0,1127000000.0,914000000.0,-1050000000.0,-4185000000.0,1337000000.0,-860000000.0,-978000000.0,2853000000.0,9013000000.0,19227000000.0,3380000000.0,4287000000.0,1397000000.0,5634000000.0,158000000.0,1127000000.0,3263000000.0,2854000000.0,3421000000.0,4548000000.0,3.29,3.23,1.8576,957300000.0,954000000.0,0.02323988807112931,0.048919976969411784,0.07019699981926614,-0.090084318091458,0.14838508347636137,0.1757944557133198,0.46876787850418683,1.202804308067466,5.787595532039976,3203000000.0,0.16658865137566964,0.2365423623030114,21.651898734177216
2017-01-31,167.0,179.25,165.34,174.52,113.1101,88671370,0.0,115606000000.0,41433000000.0,9039000000.0,9039000000.0,1729000000.0,25196000000.0,74173000000.0,11104000000.0,4881000000.0,4881000000.0,36401000000.0,929000000.0,98447000000.0,34447000000.0,5271000000.0,6920000000.0,64000000000.0,35563000000.0,42483000000.0,17010000000.0,149585000000.0,957300000.0,4117000000.0,1127000000.0,914000000.0,-1050000000.0,-4185000000.0,1337000000.0,-860000000.0,-978000000.0,2853000000.0,9013000000.0,19227000000.0,3380000000.0,4287000000.0,1397000000.0,5634000000.0,158000000.0,1127000000.0,3263000000.0,2854000000.0,3421000000.0,4548000000.0,3.29,3.23,1.8576,957300000.0,954000000.0,0.051388899216966655,0.021308458068771324,0.07970433188173273,0.2765120672290382,0.14838508347636137,0.1757944557133198,0.46876787850418683,1.202804308067466,5.787595532039976,3203000000.0,0.16658865137566964,0.2365423623030114,21.651898734177216
2017-02-28,175.0,182.79,172.89,179.82,117.4713,59817600,1.4,117470000000.0,43888000000.0,7826000000.0,7826000000.0,1553000000.0,29245000000.0,73581000000.0,10830000000.0,4689000000.0,4689000000.0,36199000000.0,701000000.0,99078000000.0,36275000000.0,6209000000.0,7513000000.0,62803000000.0,34655000000.0,42168000000.0,18246000000.0,152759000000.0,952700000.0,3657000000.0,1127000000.0,1115000000.0,-2936000000.0,-1287000000.0,1329000000.0,-870000000.0,-1212000000.0,4501000000.0,10893000000.0,21771000000.0,5004000000.0,4571000000.0,1431000000.0,5890000000.0,157000000.0,1127000000.0,4985000000.0,4506000000.0,5142000000.0,6269000000.0,5.01,4.88,2.6639,952756388.0,948590120.0,0.03855712266190192,0.01409278180225814,0.05505505505505509,-0.32540119770338494,0.20674291488677599,0.2298470442331542,0.5003444949703735,1.2098690558235699,5.430121670503124,2542000000.0,0.1167608286252354,0.28795186256947314,32.7515923566879
2017-03-31,180.48,182.55,172.0937,174.14,113.7607,79476385,0.0,117470000000.0,43888000000.0,7826000000.0,7826000000.0,1553000000.0,29245000000.0,73581000000.0,10830000000.0,4689000000.0,4689000000.0,36199000000.0,701000000.0,99078000000.0,36275000000.0,6209000000.0,7513000000.0,62803000000.0,34655000000.0,42168000000.0,18246000000.0,152759000000.0,952700000.0,3657000000.0,1127000000.0,1115000000.0,-2936000000.0,-1287000000.0,1329000000.0,-870000000.0,-1212000000.0,4501000000.0,10893000000.0,21771000000.0,5004000000.0,4571000000.0,1431000000.0,5890000000.0,157000000.0,1127000000.0,4985000000.0,4506000000.0,5142000000.0,6269000000.0,5.01,4.88,2.6639,952756388.0,948590120.0,-0.03158728983164394,0.04466531287000876,0.06004536579763409,0.32864549898357676,0.20674291488677599,0.2298470442331542,0.5003444949703735,1.2098690558235699,5.430121670503124,2542000000.0,0.1167608286252354,0.28795186256947314,32.7515923566879
2017-04-28,173.82,176.33,159.6,160.29,104.7129,99850446,0.0,117470000000.0,43888000000.0,7826000000.0,7826000000.0,1553000000.0,29245000000.0,73581000000.0,10830000000.0,4689000000.0,4689000000.0,36199000000.0,701000000.0,99078000000.0,36275000000.0,6209000000.0,7513000000.0,62803000000.0,34655000000.0,42168000000.0,18246000000.0,152759000000.0,952700000.0,3657000000.0,1127000000.0,1115000000.0,-2936000000.0,-1287000000.0,1329000000.0,-870000000.0,-1212000000.0,4501000000.0,10893000000.0,21771000000.0,5004000000.0,4571000000.0,1431000000.0,5890000000.0,157000000.0,1127000000.0,4985000000.0,4506000000.0,5142000000.0,6269000000.0,5.01,4.88,2.6639,952756388.0,948590120.0,-0.07953361749707932,0.05939207558246882,0.10437332335142566,0.2563536451739721,0.20674291488677599,0.2298470442331542,0.5003444949703735,1.2098690558235699,5.430121670503124,2542000000.0,0.1167608286252354,0.28795186256947314,32.7515923566879
2017-05-31,160.05,160.42,149.79,152.63,100.6862,102455942,1.5,117495000000.0,42889000000.0,10096000000.0,10096000000.0,1609000000.0,25869000000.0,74607000000.0,10865000000.0,4438000000.0,4438000000.0,36307000000.0,599000000.0,99047000000.0,36481000000.0,5324000000.0,8340000000.0,62566000000.0,34441000000.0,42781000000.0,18327000000.0,153292000000.0,947800000.0,3955000000.0,1099000000.0,877000000.0,350000000.0,-2134000000.0,1321000000.0,-1343000000.0,2270000000.0,1750000000.0,7944000000.0,18155000000.0,1894000000.0,4518000000.0,1484000000.0,6050000000.0,135000000.0,1099000000.0,1424000000.0,1753000000.0,1559000000.0,2658000000.0,2.38,2.35,1.2766,947800000.0,942400000.0,-0.038454669863980495,0.02592775598900672,0.06964554805739367,0.026093984597725273,0.09639217846323327,0.10432387771963646,0.4375654089782429,1.1756530796853157,5.404430621487423,3078000000.0,0.1695400716056183,0.1464059487744423,11.548148148148147
2017-06-30,152.8,157.2,150.8,153.83,101.4778,82652760,0.0,117495000000.0,42889000000.0,10096000000.0,10096000000.0,1609000000.0,25869000000.0,74607000000.0,10865000000.0,4438000000.0,4438000000.0,36307000000.0,599000000.0,99047000000.0,36481000000.0,5324000000.0,8340000000.0,62566000000.0,34441000000.0,42781000000.0,18327000000.0,153292000000.0,947800000.0,3955000000.0,1099000000.0,877000000.0,350000000.0,-2134000000.0,1321000000.0,-1343000000.0,2270000000.0,1750000000.0,7944000000.0,18155000000.0,1894000000.0,4518000000.0,1484000000.0,6050000000.0,135000000.0,1099000000.0,1424000000.0,1753000000.0,1559000000.0,2658000000.0,2.38,2.35,1.2766,947800000.0,942400000.0,0.007862050608723026,0.043723985289634615,0.041604368458688014,-0.1932848560408531,0.09639217846323327,0.10432387771963646,0.4375654089782429,1.1756530796853157,5.404430621487423,3078000000.0,0.1695400716056183,0.1464059487744423,11.548148148148147
2017-07-31,153.58,156.025,143.64,144.67,95.4352,91242021,0.0,117495000000.0,42889000000.0,10096000000.0,10096000000.0,1609000000.0,25869000000.0,74607000000.0,10865000000.0,4438000000.0,4438000000.0,36307000000.0,599000000.0,99047000000.0,36481000000.0,5324000000.0,8340000000.0,62566000000.0,34441000000.0,42781000000.0,18327000000.0,153292000000.0,947800000.0,3955000000.0,1099000000.0,877000000.0,350000000.0,-2134000000.0,1321000000.0,-1343000000.0,2270000000.0,1750000000.0,7944000000.0,18155000000.0,1894000000.0,4518000000.0,1484000000.0,6050000000.0,135000000.0,1099000000.0,1424000000.0,1753000000.0,1559000000.0,2658000000.0,2.38,2.35,1.2766,947800000.0,942400000.0,-0.059546028786591765,0.034481717823396735,0.08560862652934279,0.1039198328041313,0.09639217846323327,0.10432387771963646,0.4375654089782429,1.1756530796853157,5.404430621487423,3078000000.0,0.1695400716056183,0.1464059487744423,11.548148148148147
2017-08-31,145.0,145.67,139.13,143.03,95.3492,79260314,1.5,120495000000.0,45013000000.0,11696000000.0,11696000000.0,1604000000.0,26958000000.0,75481000000.0,10903000000.0,4180000000.0,4180000000.0,36517000000.0,599000000.0,101951000000.0,35966000000.0,5126000000.0,8061000000.0,65985000000.0,37612000000.0,45673000000.0,18419000000.0,154234000000.0,939600000.0,3466000000.0,1117000000.0,826000000.0,-1705000000.0,-609000000.0,1403000000.0,-1529000000.0,1600000000.0,2332000000.0,8968000000.0,19289000000.0,2881000000.0,4499000000.0,1436000000.0,6087000000.0,147000000.0,1117000000.0,2443000000.0,2332000000.0,2590000000.0,3707000000.0,2.97,2.74,8.3942,939600000.0,934900000.0,-0.0009011350109812133,0.03665120770161875,0.045724673145493895,-0.13131786065983786,0.12089792109492457,0.14935973871118255,0.4649281974182176,1.2515431240616137,5.535099625386829,2640000000.0,0.136865571050858,0.1921820726839131,17.61904761904762
2017-09-29,142.98,147.42,141.64,145.08,96.7158,77056229,0.0,120495000000.0,45013000000.0,11696000000.0,11696000000.0,1604000000.0,26958000000.0,75481000000.0,10903000000.0,4180000000.0,4180000000.0,36517000000.0,599000000.0,101951000000.0,35966000000.0,5126000000.0,8061000000.0,65985000000.0,37612000000.0,45673000000.0,18419000000.0,154234000000.0,939600000.0,3466000000.0,1117000000.0,826000000.0,-1705000000.0,-609000000.0,1403000000.0,-1529000000.0,1600000000.0,2332000000.0,8968000000.0,19289000000.0,2881000000.0,4499000000.0,1436000000.0,6087000000.0,147000000.0,1117000000.0,2443000000.0,2332000000.0,2590000000.0,3707000000.0,2.97,2.74,8.3942,939600000.0,934900000.0,0.014332579612623908,0.0390071326943138,0.039840088227185,-0.027808179008728118,0.12089792109492457,0.14935973871118255,0.4649281974182176,1.2515431240616137,5.535099625386829,2640000000.0,0.136865571050858,0.1921820726839131,17.61904761904762
2017-10-31,145.35,162.51,145.21,154.06,102.7022,121490046,0.0,120495000000.0,45013000000.0,11696000000.0,11696000000.0,1604000000.0,26958000000.0,75481000000.0,10903000000.0,4180000000.0,4180000000.0,36517000000.0,599000000.0,101951000000.0,35966000000.0,5126000000.0,8061000000.0,65985000000.0,37612000000.0,45673000000.0,18419000000.0,154234000000.0,939600000.0,3466000000.0,1117000000.0,826000000.0,-1705000000.0,-609000000.0,1403000000.0,-1529000000.0,1600000000.0,2332000000.0,8968000000.0,19289000000.0,2881000000.0,4499000000.0,1436000000.0,6087000000.0,147000000.0,1117000000.0,2443000000.0,2332000000.0,2590000000.0,3707000000.0,2.97,2.74,8.3942,939600000.0,934900000.0,0.061896815204961264,0.03275669173375323,0.11229391146306622,0.5766414678818503,0.12089792109492457,0.14935973871118255,0.4649281974182176,1.2515431240616137,5.535099625386829,2640000000.0,0.136865571050858,0.1921820726839131,17.61904761904762
2017-11-30,154.1,154.9,146.211,153.97,103.6666,89208545,1.5,121636000000.0,44742000000.0,10915000000.0,10915000000.0,1711000000.0,27126000000.0,76895000000.0,11057000000.0,3981000000.0,3981000000.0,36782000000.0,600000000.0,101879000000.0,31697000000.0,5442000000.0,4299000000.0,70182000000.0,41327000000.0,45626000000.0,19627000000.0,155565000000.0,933200000.0,3570000000.0,1176000000.0,981000000.0,-1923000000.0,-2756000000.0,1396000000.0,-955000000.0,-781000000.0,2725000000.0,8981000000.0,19153000000.0,3399000000.0,4137000000.0,1291000000.0,5582000000.0,168000000.0,1176000000.0,3065000000.0,2726000000.0,3233000000.0,4409000000.0,3.3,3.28,0.6098,933227429.0,929437441.0,0.00939025648915015,0.028993452633071976,0.056433071377541034,-0.2657131350497637,0.14227536156215737,0.17746567117422857,0.46890826502375604,1.4115531438306463,5.19075762979569,2589000000.0,0.13517464626951392,0.23019892445047774,19.24404761904762
2017-12-29,154.4,157.85,151.49,153.42,103.2963,87525752,0.0,121636000000.0,44742000000.0,10915000000.0,10915000000.0,1711000000.0,27126000000.0,76895000000.0,11057000000.0,3981000000.0,3981000000.0,36782000000.0,600000000.0,101879000000.0,31697000000.0,5442000000.0,4299000000.0,70182000000.0,41327000000.0,45626000000.0,19627000000.0,155565000000.0,933200000.0,3570000000.0,1176000000.0,981000000.0,-1923000000.0,-2756000000.0,1396000000.0,-955000000.0,-781000000.0,2725000000.0,8981000000.0,19153000000.0,3399000000.0,4137000000.0,1291000000.0,5582000000.0,168000000.0,1176000000.0,3065000000.0,2726000000.0,3233000000.0,4409000000.0,3.3,3.28,0.6098,933227429.0,929437441.0,-0.0035720280205967514,0.03466777793374625,0.04145482987876408,-0.018863585321338916,0.14227536156215737,0.17746567117422857,0.46890826502375604,1.4115531438306463,5.19075762979569,2589000000.0,0.13517464626951392,0.23019892445047774,19.24404761904762
2018-01-31,154.5,171.13,153.54,163.7,110.2177,140197975,0.0,121636000000.0,44742000000.0,10915000000.0,10915000000.0,1711000000.0,27126000000.0,76895000000.0,11057000000.0,3981000000.0,3981000000.0,36782000000.0,600000000.0,101879000000.0,31697000000.0,5442000000.0,4299000000.0,70182000000.0,41327000000.0,45626000000.0,19627000000.0,155565000000.0,933200000.0,3570000000.0,1176000000.0,981000000.0,-1923000000.0,-2756000000.0,1396000000.0,-955000000.0,-781000000.0,2725000000.0,8981000000.0,19153000000.0,3399000000.0,4137000000.0,1291000000.0,5582000000.0,168000000.0,1176000000.0,3065000000.0,2726000000.0,3233000000.0,4409000000.0,3.3,3.28,0.6098,933227429.0,929437441.0,0.06700530415900663,0.03756921247356129,0.10745265729993894,0.6017911505633222,0.14227536156215737,0.17746567117422857,0.46890826502375604,1.4115531438306463,5.19075762979569,2589000000.0,0.13517464626951392,0.23019892445047774,19.24404761904762
2018-02-28,163.19,164.13,144.4,155.83,105.9852,100673819,1.5,125356000000.0,49735000000.0,11972000000.0,11972000000.0,1583000000.0,31630000000.0,75621000000.0,11116000000.0,3741000000.0,3741000000.0,36788000000.0,608000000.0,107631000000.0,37363000000.0,6451000000.0,6986000000.0,70268000000.0,39837000000.0,46824000000.0,17594000000.0,153126000000.0,928900000.0,5733000000.0,1149000000.0,1089000000.0,-3818000000.0,-919000000.0,1387000000.0,-706000000.0,1057000000.0,-1054000000.0,10862000000.0,22543000000.0,4652000000.0,4662000000.0,1427000000.0,6210000000.0,164000000.0,1149000000.0,4469000000.0,-1053000000.0,4633000000.0,5782000000.0,5.18,5.17,0.1934,928914102.0,924510849.0,-0.03840127311674979,0.05370410081261336,0.1266123339536674,-0.2819167395249468,-0.04675509027192477,0.20636117641840038,0.48183471587632526,1.3311297272702942,6.117483232920314,4644000000.0,0.20600629907288293,0.25648760147274097,28.25
2018-03-29,155.53,162.11,148.54,153.43,104.3529,92113147,0.0,125356000000.0,49735000000.0,11972000000.0,11972000000.0,1583000000.0,31630000000.0,75621000000.0,11116000000.0,3741000000.0,3741000000.0,36788000000.0,608000000.0,107631000000.0,37363000000.0,6451000000.0,6986000000.0,70268000000.0,39837000000.0,46824000000.0,17594000000.0,153126000000.0,928900000.0,5733000000.0,1149000000.0,1089000000.0,-3818000000.0,-919000000.0,1387000000.0,-706000000.0,1057000000.0,-1054000000.0,10862000000.0,22543000000.0,4652000000.0,4662000000.0,1427000000.0,6210000000.0,164000000.0,1149000000.0,4469000000.0,-1053000000.0,4633000000.0,5782000000.0,5.18,5.17,0.1934,928914102.0,924510849.0,-0.015401206960971914,0.05542319407842318,0.08844424167372757,-0.0850337464599411,-0.04675509027192477,0.20636117641840038,0.48183471587632526,1.3311297272702942,6.117483232920314,4644000000.0,0.20600629907288293,0.25648760147274097,28.25
2018-04-30,153.34,162.0,144.11,144.96,98.5922,122893135,0.0,125356000000.0,49735000000.0,11972000000.0,11972000000.0,1583000000.0,31630000000.0,75621000000.0,11116000000.0,3741000000.0,3741000000.0,36788000000.0,608000000.0,107631000000.0,37363000000.0,6451000000.0,6986000000.0,70268000000.0,39837000000.0,46824000000.0,17594000000.0,153126000000.0,928900000.0,5733000000.0,1149000000.0,1089000000.0,-3818000000.0,-919000000.0,1387000000.0,-706000000.0,1057000000.0,-1054000000.0,10862000000.0,22543000000.0,4652000000.0,4662000000.0,1427000000.0,6210000000.0,164000000.0,1149000000.0,4469000000.0,-1053000000.0,4633000000.0,5782000000.0,5.18,5.17,0.1934,928914102.0,924510849.0,-0.055204024037664445,0.019981657125645792,0.12341335540838842,0.3341541246006936,-0.04675509027192477,0.20636117641840038,0.48183471587632526,1.3311297272702942,6.117483232920314,4644000000.0,0.20600629907288293,0.25648760147274097,28.25
2018-05-31,144.65,146.2,139.9,141.31,97.1678,88812832,1.57,125285000000.0,49122000000.0,11949000000.0,11949000000.0,1753000000.0,29229000000.0,76162000000.0,11278000000.0,3522000000.0,3522000000.0,36732000000.0,893000000.0,106995000000.0,35733000000.0,5736000000.0,5976000000.0,71262000000.0,40410000000.0,46387000000.0,18166000000.0,156371000000.0,925400000.0,4602000000.0,1114000000.0,996000000.0,-1764000000.0,-2909000000.0,1382000000.0,-830000000.0,-71000000.0,1679000000.0,8247000000.0,19071000000.0,1727000000.0,4921000000.0,1405000000.0,6519000000.0,165000000.0,1114000000.0,1136000000.0,1676000000.0,1301000000.0,2415000000.0,2.45,2.42,1.2397,925409434.0,920680222.0,-0.014447390361509438,0.02326039983161102,0.04458283207133241,-0.27731657264663323,0.08803943159771381,0.09055634209008442,0.4324366839704263,1.3746956594744355,5.889849168776836,3606000000.0,0.18908290073934245,0.12663205914739656,7.884848484848485
2018-06-29,142.43,147.52,137.45,139.7,96.0607,90243111,0.0,125285000000.0,49122000000.0,11949000000.0,11949000000.0,1753000000.0,29229000000.0,76162000000.0,11278000000.0,3522000000.0,3522000000.0,36732000000.0,893000000.0,106995000000.0,35733000000.0,5736000000.0,5976000000.0,71262000000.0,40410000000.0,46387000000.0,18166000000.0,156371000000.0,925400000.0,4602000000.0,1114000000.0,996000000.0,-1764000000.0,-2909000000.0,1382000000.0,-830000000.0,-71000000.0,1679000000.0,8247000000.0,19071000000.0,1727000000.0,4921000000.0,1405000000.0,6519000000.0,165000000.0,1114000000.0,1136000000.0,1676000000.0,1301000000.0,2415000000.0,2.45,2.42,1.2397,925409434.0,920680222.0,-0.011393692149045287,0.024460081226276176,0.07208303507516121,0.016104418334503823,0.08803943159771381,0.09055634209008442,0.4324366839704263,1.3746956594744355,5.889849168776836,3606000000.0,0.18908290073934245,0.12663205914739656,7.884848484848485
2018-07-31,138.28,150.54,138.2,144.93,99.657,95015127,0.0,125285000000.0,49122000000.0,11949000000.0,11949000000.0,1753000000.0,29229000000.0,76162000000.0,11278000000.0,3522000000.0,3522000000.0,36732000000.0,893000000.0,106995000000.0,35733000000.0,5736000000.0,5976000000.0,71262000000.0,40410000000.0,46387000000.0,18166000000.0,156371000000.0,925400000.0,4602000000.0,1114000000.0,996000000.0,-1764000000.0,-2909000000.0,1382000000.0,-830000000.0,-71000000.0,1679000000.0,8247000000.0,19071000000.0,1727000000.0,4921000000.0,1405000000.0,6519000000.0,165000000.0,1114000000.0,1136000000.0,1676000000.0,1301000000.0,2415000000.0,2.45,2.42,1.2397,925409434.0,920680222.0,0.03743778673276377,0.029114458048254778,0.08514455254260679,0.05287955996995719,0.08803943159771381,0.09055634209008442,0.4324366839704263,1.3746956594744355,5.889849168776836,3606000000.0,0.18908290073934245,0.12663205914739656,7.884848484848485
2018-08-31,144.76,147.93,142.0,146.48,101.8151,79196876,1.57,121622000000.0,46795000000.0,10741000000.0,10741000000.0,1742000000.0,28340000000.0,74828000000.0,11024000000.0,3344000000.0,3344000000.0,36482000000.0,966000000.0,102974000000.0,35442000000.0,5518000000.0,7646000000.0,67532000000.0,37851000000.0,45497000000.0,18520000000.0,157349000000.0,919400000.0,2294000000.0,1116000000.0,1080000000.0,-634000000.0,-2519000000.0,1437000000.0,-1080000000.0,-860000000.0,2404000000.0,9199000000.0,20003000000.0,3268000000.0,4301000000.0,1364000000.0,5931000000.0,173000000.0,1116000000.0,2776000000.0,2403000000.0,2949000000.0,4065000000.0,3.08,3.04,1.3158,919398606.0,915064434.0,0.02165527760217545,0.02491932090386498,0.04048334243582746,-0.16648139616758073,0.12018197270409439,0.1633754936759486,0.4598810178473229,1.3203261666948818,5.560151187904967,1214000000.0,0.06069089636554517,0.20321951707243913,17.046242774566473
2018-09-28,145.98,153.35,144.81,151.21,105.1028,95868702,0.0,121622000000.0,46795000000.0,10741000000.0,10741000000.0,1742000000.0,28340000000.0,74828000000.0,11024000000.0,3344000000.0,3344000000.0,36482000000.0,966000000.0,102974000000.0,35442000000.0,5518000000.0,7646000000.0,67532000000.0,37851000000.0,45497000000.0,18520000000.0,157349000000.0,919400000.0,2294000000.0,1116000000.0,1080000000.0,-634000000.0,-2519000000.0,1437000000.0,-1080000000.0,-860000000.0,2404000000.0,9199000000.0,20003000000.0,3268000000.0,4301000000.0,1364000000.0,5931000000.0,173000000.0,1116000000.0,2776000000.0,2403000000.0,2949000000.0,4065000000.0,3.08,3.04,1.3158,919398606.0,915064434.0,0.03229088809027347,0.008048751151035103,0.05647774618080809,0.21051115703099188,0.12018197270409439,0.1633754936759486,0.4598810178473229,1.3203261666948818,5.560151187904967,1214000000.0,0.06069089636554517,0.20321951707243913,17.046242774566473
2018-10-31,151.71,154.36,114.09,115.43,80.2329,198093801,0.0,121622000000.0,46795000000.0,10741000000.0,10741000000.0,1742000000.0,28340000000.0,74828000000.0,11024000000.0,3344000000.0,3344000000.0,36482000000.0,966000000.0,102974000000.0,35442000000.0,5518000000.0,7646000000.0,67532000000.0,37851000000.0,45497000000.0,18520000000.0,157349000000.0,919400000.0,2294000000.0,1116000000.0,1080000000.0,-634000000.0,-2519000000.0,1437000000.0,-1080000000.0,-860000000.0,2404000000.0,9199000000.0,20003000000.0,3268000000.0,4301000000.0,1364000000.0,5931000000.0,173000000.0,1116000000.0,2776000000.0,2403000000.0,2949000000.0,4065000000.0,3.08,3.04,1.3158,919398606.0,915064434.0,-0.23662452379955623,0.15228102900802046,0.3488694446850906,1.0663031507404783,0.12018197270409439,0.1633754936759486,0.4598810178473229,1.3203261666948818,5.560151187904967,1214000000.0,0.06069089636554517,0.20321951707243913,17.046242774566473
2018-11-30,115.5,125.06,114.54,124.27,87.4766,141719180,1.57,121990000000.0,48257000000.0,11563000000.0,11563000000.0,1893000000.0,27087000000.0,73732000000.0,10949000000.0,3135000000.0,3135000000.0,36526000000.0,2932000000.0,102072000000.0,36822000000.0,5384000000.0,10932000000.0,65250000000.0,35989000000.0,46921000000.0,19784000000.0,158612000000.0,915200000.0,4232000000.0,1138000000.0,955000000.0,-2969000000.0,-436000000.0,1431000000.0,-631000000.0,827000000.0,2694000000.0,8803000000.0,18756000000.0,3467000000.0,3926000000.0,1252000000.0,5336000000.0,191000000.0,1138000000.0,2996000000.0,2692000000.0,3187000000.0,4325000000.0,3.42,3.4,0.5882,915212631.0,911152848.0,0.09028341241560511,0.1744264077817906,0.08465438158847667,-0.2845854878618842,0.1436340371081254,0.1848475154617189,0.4693431435274046,1.3105480419314541,5.159320663162151,3277000000.0,0.17471742375773086,0.23059287694604394,16.68586387434555
2018-12-31,125.67,126.59,105.94,113.67,80.015,115600988,0.0,121990000000.0,48257000000.0,11563000000.0,11563000000.0,1893000000.0,27087000000.0,73732000000.0,10949000000.0,3135000000.0,3135000000.0,36526000000.0,2932000000.0,102072000000.0,36822000000.0,5384000000.0,10932000000.0,65250000000.0,35989000000.0,46921000000.0,19784000000.0,158612000000.0,915200000.0,4232000000.0,1138000000.0,955000000.0,-2969000000.0,-436000000.0,1431000000.0,-631000000.0,827000000.0,2694000000.0,8803000000.0,18756000000.0,3467000000.0,3926000000.0,1252000000.0,5336000000.0,191000000.0,1138000000.0,2996000000.0,2692000000.0,3187000000.0,4325000000.0,3.42,3.4,0.5882,915212631.0,911152848.0,-0.08529823975783246,0.16360387097207624,0.18166622679686817,-0.18429539318531196,0.1436340371081254,0.1848475154617189,0.4693431435274046,1.3105480419314541,5.159320663162151,3277000000.0,0.17471742375773086,0.23059287694604394,16.68586387434555
2019-01-31,112.01,135.41,111.69,134.42,94.6214,120388583,0.0,121990000000.0,48257000000.0,11563000000.0,11563000000.0,1893000000.0,27087000000.0,73732000000.0,10949000000.0,3135000000.0,3135000000.0,36526000000.0,2932000000.0,102072000000.0,36822000000.0,5384000000.0,10932000000.0,65250000000.0,35989000000.0,46921000000.0,19784000000.0,158612000000.0,915200000.0,4232000000.0,1138000000.0,955000000.0,-2969000000.0,-436000000.0,1431000000.0,-631000000.0,827000000.0,2694000000.0,8803000000.0,18756000000.0,3467000000.0,3926000000.0,1252000000.0,5336000000.0,191000000.0,1138000000.0,2996000000.0,2692000000.0,3187000000.0,4325000000.0,3.42,3.4,0.5882,915212631.0,911152848.0,0.18254577266762473,0.13606473624185647,0.17646183603630414,0.0414148277002615,0.1436340371081254,0.1848475154617189,0.4693431435274046,1.3105480419314541,5.159320663162151,3277000000.0,0.17471742375773086,0.23059287694604394,16.68586387434555
2019-02-28,134.97,140.49,132.12,138.13,98.3791,68462024,1.57,123382000000.0,49146000000.0,11379000000.0,11379000000.0,1682000000.0,7902000000.0,74237000000.0,10792000000.0,3088000000.0,3088000000.0,36265000000.0,618000000.0,106452000000.0,38227000000.0,6558000000.0,10207000000.0,68225000000.0,35605000000.0,45812000000.0,16796000000.0,159206000000.0,905200000.0,4119000000.0,1112000000.0,933000000.0,455000000.0,-4605000000.0,1416000000.0,-2073000000.0,-31000000.0,1951000000.0,10687000000.0,21760000000.0,4824000000.0,4248000000.0,1358000000.0,5863000000.0,193000000.0,1112000000.0,4434000000.0,1952000000.0,4627000000.0,5739000000.0,4.87,4.82,1.0373,905242186.0,901294785.0,0.039713003612290576,0.13402078562492145,0.06059509158039531,-0.4313246132318046,0.08965992647058824,0.22169117647058822,0.49113051470588237,1.2856358071520129,6.337937604191474,3186000000.0,0.1464154411764706,0.2637408088235294,23.974093264248705
2019-03-29,139.31,142.12,133.58,141.1,100.4944,74688899,0.0,123382000000.0,49146000000.0,11379000000.0,11379000000.0,1682000000.0,7902000000.0,74237000000.0,10792000000.0,3088000000.0,3088000000.0,36265000000.0,618000000.0,106452000000.0,38227000000.0,6558000000.0,10207000000.0,68225000000.0,35605000000.0,45812000000.0,16796000000.0,159206000000.0,905200000.0,4119000000.0,1112000000.0,933000000.0,455000000.0,-4605000000.0,1416000000.0,-2073000000.0,-31000000.0,1951000000.0,10687000000.0,21760000000.0,4824000000.0,4248000000.0,1358000000.0,5863000000.0,193000000.0,1112000000.0,4434000000.0,1952000000.0,4627000000.0,5739000000.0,4.87,4.82,1.0373,905242186.0,901294785.0,0.02150151810699641,0.08819307422478656,0.06052445074415303,0.09095370887661747,0.08965992647058824,0.22169117647058822,0.49113051470588237,1.2856358071520129,6.337937604191474,3186000000.0,0.1464154411764706,0.2637408088235294,23.974093264248705
2019-04-30,141.51,145.39,136.26,140.27,99.9032,80199229,0.0,123382000000.0,49146000000.0,11379000000.0,11379000000.0,1682000000.0,7902000000.0,74237000000.0,10792000000.0,3088000000.0,3088000000.0,36265000000.0,618000000.0,106452000000.0,38227000000.0,6558000000.0,10207000000.0,68225000000.0,35605000000.0,45812000000.0,16796000000.0,159206000000.0,905200000.0,4119000000.0,1112000000.0,933000000.0,455000000.0,-4605000000.0,1416000000.0,-2073000000.0,-31000000.0,1951000000.0,10687000000.0,21760000000.0,4824000000.0,4248000000.0,1358000000.0,5863000000.0,193000000.0,1112000000.0,4434000000.0,1952000000.0,4627000000.0,5739000000.0,4.87,4.82,1.0373,905242186.0,901294785.0,-0.005882914868888256,0.02295122783884165,0.06508875739644966,0.0737770950405896,0.08965992647058824,0.22169117647058822,0.49113051470588237,1.2856358071520129,6.337937604191474,3186000000.0,0.1464154411764706,0.2637408088235294,23.974093264248705
2019-05-31,140.55,141.81,126.85,126.99,91.5275,75537897,1.62,130926000000.0,52705000000.0,17134000000.0,17134000000.0,1771000000.0,28473000000.0,78223000000.0,10675000000.0,2956000000.0,2956000000.0,36281000000.0,872000000.0,114319000000.0,38871000000.0,5711000000.0,11562000000.0,75448000000.0,39727000000.0,54880000000.0,16481000000.0,159396000000.0,893900000.0,4759000000.0,1446000000.0,695000000.0,-853000000.0,1863000000.0,1397000000.0,-981000000.0,5769000000.0,1591000000.0,8043000000.0,18181000000.0,2021000000.0,4141000000.0,1433000000.0,6021000000.0,210000000.0,1446000000.0,1883000000.0,1594000000.0,2093000000.0,3539000000.0,2.25,2.24,0.4464,893910526.0,889581542.0,-0.08383815533436356,0.054655547882737375,0.11780455153949136,-0.058121905386397166,0.0875089379022056,0.111160002200099,0.4423849073208294,1.3558951403359831,6.9364116255081605,4064000000.0,0.22353005885264837,0.19465375941917387,9.966666666666667
2019-06-28,127.1,140.15,127.06,137.9,99.3909,61342985,0.0,130926000000.0,52705000000.0,17134000000.0,17134000000.0,1771000000.0,28473000000.0,78223000000.0,10675000000.0,2956000000.0,2956000000.0,36281000000.0,872000000.0,114319000000.0,38871000000.0,5711000000.0,11562000000.0,75448000000.0,39727000000.0,54880000000.0,16481000000.0,159396000000.0,893900000.0,4759000000.0,1446000000.0,695000000.0,-853000000.0,1863000000.0,1397000000.0,-981000000.0,5769000000.0,1591000000.0,8043000000.0,18181000000.0,2021000000.0,4141000000.0,1433000000.0,6021000000.0,210000000.0,1446000000.0,1883000000.0,1594000000.0,2093000000.0,3539000000.0,2.25,2.24,0.4464,893910526.0,889581542.0,0.08591297697413336,0.08496955552363311,0.09492385786802032,-0.18791775471324013,0.0875089379022056,0.111160002200099,0.4423849073208294,1.3558951403359831,6.9364116255081605,4064000000.0,0.22353005885264837,0.19465375941917387,9.966666666666667
2019-07-31,139.6,151.94,139.13,148.24,106.8434,80175943,0.0,130926000000.0,52705000000.0,17134000000.0,17134000000.0,1771000000.0,28473000000.0,78223000000.0,10675000000.0,2956000000.0,2956000000.0,36281000000.0,872000000.0,114319000000.0,38871000000.0,5711000000.0,11562000000.0,75448000000.0,39727000000.0,54880000000.0,16481000000.0,159396000000.0,893900000.0,4759000000.0,1446000000.0,695000000.0,-853000000.0,1863000000.0,1397000000.0,-981000000.0,5769000000.0,1591000000.0,8043000000.0,18181000000.0,2021000000.0,4141000000.0,1433000000.0,6021000000.0,210000000.0,1446000000.0,1883000000.0,1594000000.0,2093000000.0,3539000000.0,2.25,2.24,0.4464,893910526.0,889581542.0,0.07498171361764516,0.0950076226876199,0.08641392336751215,0.3070107853408177,0.0875089379022056,0.111160002200099,0.4423849073208294,1.3558951403359831,6.9364116255081605,4064000000.0,0.22353005885264837,0.19465375941917387,9.966666666666667
2019-08-30,148.9,152.95,128.83,135.53,98.8122,96719129,1.62,154652000000.0,77517000000.0,45399000000.0,45399000000.0,1745000000.0,25332000000.0,77135000000.0,15200000000.0,2730000000.0,2730000000.0,35284000000.0,874000000.0,136876000000.0,42351000000.0,4724000000.0,15912000000.0,94525000000.0,58380000000.0,78304000000.0,17645000000.0,160467000000.0,890831801.0,2941000000.0,1294000000.0,732000000.0,4162000000.0,21031000000.0,1436000000.0,-407000000.0,,2498000000.0,9010000000.0,19161000000.0,2369000000.0,4923000000.0,1407000000.0,6641000000.0,348000000.0,1294000000.0,2768000000.0,2499000000.0,3116000000.0,4410000000.0,3.17,3.07,3.2573,890831801.0,886300000.0,-0.07516795609274884,0.09001063162242431,0.1779679775695416,0.20633603274238999,0.13036897865455874,0.1236365534157925,0.4702259798549136,1.8303463908762485,7.757211674695381,2209000000.0,0.11528625854600491,0.23015500234852043,8.954022988505747
2019-09-30,134.85,146.57,133.33,145.42,106.0228,62083780,0.0,154652000000.0,77517000000.0,45399000000.0,45399000000.0,1745000000.0,25332000000.0,77135000000.0,15200000000.0,2730000000.0,2730000000.0,35284000000.0,874000000.0,136876000000.0,42351000000.0,4724000000.0,15912000000.0,94525000000.0,58380000000.0,78304000000.0,17645000000.0,160467000000.0,890831801.0,2941000000.0,1294000000.0,732000000.0,4162000000.0,21031000000.0,1436000000.0,-407000000.0,,2498000000.0,9010000000.0,19161000000.0,2369000000.0,4923000000.0,1407000000.0,6641000000.0,348000000.0,1294000000.0,2768000000.0,2499000000.0,3116000000.0,4410000000.0,3.17,3.07,3.2573,890831801.0,886300000.0,0.07297277056881635,0.08611487875906458,0.09104662357309849,-0.3581023666993527,0.13036897865455874,0.1236365534157925,0.4702259798549136,1.8303463908762485,7.757211674695381,2209000000.0,0.11528625854600491,0.23015500234852043,8.954022988505747
2019-10-31,145.59,147.35,130.9,133.73,97.4999,92647927,0.0,154652000000.0,77517000000.0,45399000000.0,45399000000.0,1745000000.0,25332000000.0,77135000000.0,15200000000.0,2730000000.0,2730000000.0,35284000000.0,874000000.0,136876000000.0,42351000000.0,4724000000.0,15912000000.0,94525000000.0,58380000000.0,78304000000.0,17645000000.0,160467000000.0,890831801.0,2941000000.0,1294000000.0,732000000.0,4162000000.0,21031000000.0,1436000000.0,-407000000.0,,2498000000.0,9010000000.0,19161000000.0,2369000000.0,4923000000.0,1407000000.0,6641000000.0,348000000.0,1294000000.0,2768000000.0,2499000000.0,3116000000.0,4410000000.0,3.17,3.07,3.2573,890831801.0,886300000.0,-0.08038742610080107,0.08707493677433371,0.1230090480819561,0.49230486610190294,0.13036897865455874,0.1236365534157925,0.4702259798549136,1.8303463908762485,7.757211674695381,2209000000.0,0.11528625854600491,0.23015500234852043,8.954022988505747
2019-11-29,134.5,139.14,132.75,134.45,99.1782,64898948,1.62,149620000000.0,38121000000.0,10087000000.0,10087000000.0,1712000000.0,21472000000.0,111498000000.0,14964000000.0,15612000000.0,15612000000.0,57951000000.0,733000000.0,131525000000.0,35066000000.0,4042000000.0,9907000000.0,96459000000.0,57676000000.0,71494000000.0,17956000000.0,160709000000.0,892800000.0,3619000000.0,1669000000.0,751000000.0,-30373000000.0,-8177000000.0,1436000000.0,-159000000.0,,1672000000.0,8336000000.0,18027000000.0,1924000000.0,4354000000.0,1553000000.0,6411000000.0,432000000.0,1669000000.0,1522000000.0,1673000000.0,1954000000.0,3623000000.0,2.68,2.66,0.7519,892839745.0,886000000.0,0.017213350988052323,0.07762556975945002,0.0475269616957976,-0.2995099825601063,0.0927497642425251,0.10672879569534587,0.4624174848837854,1.0871214281640336,7.324849632434841,2868000000.0,0.15909469129638876,0.20097631330781604,4.523148148148148
2019-12-31,134.45,136.42,130.69,134.04,98.8757,71661951,0.0,149620000000.0,38121000000.0,10087000000.0,10087000000.0,1712000000.0,21472000000.0,111498000000.0,14964000000.0,15612000000.0,15612000000.0,57951000000.0,733000000.0,131525000000.0,35066000000.0,4042000000.0,9907000000.0,96459000000.0,57676000000.0,71494000000.0,17956000000.0,160709000000.0,892800000.0,3619000000.0,1669000000.0,751000000.0,-30373000000.0,-8177000000.0,1436000000.0,-159000000.0,,1672000000.0,8336000000.0,18027000000.0,1924000000.0,4354000000.0,1553000000.0,6411000000.0,432000000.0,1669000000.0,1522000000.0,1673000000.0,1954000000.0,3623000000.0,2.68,2.66,0.7519,892839745.0,886000000.0,-0.003050065437767646,0.05150660975046207,0.04274843330349142,0.10420820688803767,0.0927497642425251,0.10672879569534587,0.4624174848837854,1.0871214281640336,7.324849632434841,2868000000.0,0.15909469129638876,0.20097631330781604,4.523148148148148
2020-01-31,135.0,145.79,133.2,143.73,106.0236,112864967,0.0,149620000000.0,38121000000.0,10087000000.0,10087000000.0,1712000000.0,21472000000.0,111498000000.0,14964000000.0,15612000000.0,15612000000.0,57951000000.0,733000000.0,131525000000.0,35066000000.0,4042000000.0,9907000000.0,96459000000.0,57676000000.0,71494000000.0,17956000000.0,160709000000.0,892800000.0,3619000000.0,1669000000.0,751000000.0,-30373000000.0,-8177000000.0,1436000000.0,-159000000.0,,1672000000.0,8336000000.0,18027000000.0,1924000000.0,4354000000.0,1553000000.0,6411000000.0,432000000.0,1669000000.0,1522000000.0,1673000000.0,1954000000.0,3623000000.0,2.68,2.66,0.7519,892839745.0,886000000.0,0.0722917764425437,0.03898852851311934,0.08759479579767623,0.5749636372584943,0.0927497642425251,0.10672879569534587,0.4624174848837854,1.0871214281640336,7.324849632434841,2868000000.0,0.15909469129638876,0.20097631330781604,4.523148148148148
2020-02-28,144.25,158.75,126.36,130.15,97.02,118092333,1.62,152186000000.0,38420000000.0,8172000000.0,8172000000.0,1619000000.0,8362000000.0,113766000000.0,10010000000.0,15236000000.0,15236000000.0,58222000000.0,696000000.0,131201000000.0,37701000000.0,4896000000.0,10177000000.0,93500000000.0,54102000000.0,68158000000.0,20841000000.0,162954000000.0,893700000.0,3451000000.0,1650000000.0,729000000.0,127000000.0,-5675000000.0,1438000000.0,-86000000.0,,3670000000.0,11100000000.0,21777000000.0,4266000000.0,4690000000.0,1596000000.0,6834000000.0,354000000.0,1650000000.0,3993000000.0,3669000000.0,4347000000.0,5997000000.0,4.71,4.69,0.4264,893671433.0,887040420.0,-0.08492071576516935,0.07862883719212028,0.2488666922781406,0.046315221976718446,0.16852642696422832,0.19589475134316023,0.509712081553933,1.019071112172091,6.295331318074949,2722000000.0,0.1249942599990816,0.27538228406116544,12.279661016949152
2020-03-31,130.75,136.1,90.56,110.93,82.6925,189585053,0.0,152186000000.0,38420000000.0,8172000000.0,8172000000.0,1619000000.0,8362000000.0,113766000000.0,10010000000.0,15236000000.0,15236000000.0,58222000000.0,696000000.0,131201000000.0,37701000000.0,4896000000.0,10177000000.0,93500000000.0,54102000000.0,68158000000.0,20841000000.0,162954000000.0,893700000.0,3451000000.0,1650000000.0,729000000.0,127000000.0,-5675000000.0,1438000000.0,-86000000.0,,3670000000.0,11100000000.0,21777000000.0,4266000000.0,4690000000.0,1596000000.0,6834000000.0,354000000.0,1650000000.0,3993000000.0,3669000000.0,4347000000.0,5997000000.0,4.71,4.69,0.4264,893671433.0,887040420.0,-0.1476757369614513,0.1133134791516017,0.4105291625349318,0.6053967957428701,0.16852642696422832,0.19589475134316023,0.509712081553933,1.019071112172091,6.295331318074949,2722000000.0,0.1249942599990816,0.27538228406116544,12.279661016949152
2020-04-30,106.36,129.31,104.52,125.56,93.5984,130400316,0.0,152186000000.0,38420000000.0,8172000000.0,8172000000.0,1619000000.0,8362000000.0,113766000000.0,10010000000.0,15236000000.0,15236000000.0,58222000000.0,696000000.0,131201000000.0,37701000000.0,4896000000.0,10177000000.0,93500000000.0,54102000000.0,68158000000.0,20841000000.0,162954000000.0,893700000.0,3451000000.0,1650000000.0,729000000.0,127000000.0,-5675000000.0,1438000000.0,-86000000.0,,3670000000.0,11100000000.0,21777000000.0,4266000000.0,4690000000.0,1596000000.0,6834000000.0,354000000.0,1650000000.0,3993000000.0,3669000000.0,4347000000.0,5997000000.0,4.71,4.69,0.4264,893671433.0,887040420.0,0.1318849956162893,0.14668396434305578,0.19743548900923866,-0.31218039641553386,0.16852642696422832,0.19589475134316023,0.509712081553933,1.019071112172091,6.295331318074949,2722000000.0,0.1249942599990816,0.27538228406116544,12.279661016949152
2020-05-29,123.19,126.97,111.81,124.9,94.3583,92864791,1.63,153403000000.0,38931000000.0,11218000000.0,11218000000.0,1786000000.0,21157000000.0,114473000000.0,9626000000.0,14666000000.0,14666000000.0,57517000000.0,647000000.0,133275000000.0,40673000000.0,4172000000.0,12970000000.0,92602000000.0,52685000000.0,69453000000.0,19999000000.0,162626000000.0,895000000.0,4476000000.0,1634000000.0,783000000.0,-902000000.0,-115000000.0,1440000000.0,-44000000.0,3459000000.0,1175000000.0,7922000000.0,17570000000.0,1187000000.0,4458000000.0,1625000000.0,6734000000.0,326000000.0,1634000000.0,-49000000.0,1177000000.0,277000000.0,1911000000.0,1.84,1.8,2.2222,895000000.0,888000000.0,0.008118728525273955,0.14008581152597263,0.12137710168134504,-0.2878484205513735,0.06687535571997723,0.06755833807626636,0.45088218554354015,0.9571706045779755,6.664083204160208,3693000000.0,0.21018782014797951,0.10876494023904383,0.8496932515337423
2020-06-30,124.64,135.88,115.88,120.77,91.2382,120931250,0.0,153403000000.0,38931000000.0,11218000000.0,11218000000.0,1786000000.0,21157000000.0,114473000000.0,9626000000.0,14666000000.0,14666000000.0,57517000000.0,647000000.0,133275000000.0,40673000000.0,4172000000.0,12970000000.0,92602000000.0,52685000000.0,69453000000.0,19999000000.0,162626000000.0,895000000.0,4476000000.0,1634000000.0,783000000.0,-902000000.0,-115000000.0,1440000000.0,-44000000.0,3459000000.0,1175000000.0,7922000000.0,17570000000.0,1187000000.0,4458000000.0,1625000000.0,6734000000.0,326000000.0,1634000000.0,-49000000.0,1177000000.0,277000000.0,1911000000.0,1.84,1.8,2.2222,895000000.0,888000000.0,-0.0330665134916589,0.08585192036934615,0.16560404073859403,0.30222928084767875,0.06687535571997723,0.06755833807626636,0.45088218554354015,0.9571706045779755,6.664083204160208,3693000000.0,0.21018782014797951,0.10876494023904383,0.8496932515337423
2020-07-31,120.27,132.17,115.2,122.94,92.8776,113972765,0.0,153403000000.0,38931000000.0,11218000000.0,11218000000.0,1786000000.0,21157000000.0,114473000000.0,9626000000.0,14666000000.0,14666000000.0,57517000000.0,647000000.0,133275000000.0,40673000000.0,4172000000.0,12970000000.0,92602000000.0,52685000000.0,69453000000.0,19999000000.0,162626000000.0,895000000.0,4476000000.0,1634000000.0,783000000.0,-902000000.0,-115000000.0,1440000000.0,-44000000.0,3459000000.0,1175000000.0,7922000000.0,17570000000.0,1187000000.0,4458000000.0,1625000000.0,6734000000.0,326000000.0,1634000000.0,-49000000.0,1177000000.0,277000000.0,1911000000.0,1.84,1.8,2.2222,895000000.0,888000000.0,0.017968350975797298,0.027073346713519998,0.13803481373027482,-0.05754083415163569,0.06687535571997723,0.06755833807626636,0.45088218554354015,0.9571706045779755,6.664083204160208,3693000000.0,0.21018782014797951,0.10876494023904383,0.8496932515337423
2020-08-31,123.5,130.47,122.15,123.31,94.3723,74033007,1.63,154200000000.0,39953000000.0,12041000000.0,12041000000.0,1869000000.0,19952000000.0,114246000000.0,9709000000.0,14270000000.0,14270000000.0,57833000000.0,2063000000.0,133512000000.0,38442000000.0,4719000000.0,10632000000.0,95070000000.0,55449000000.0,69765000000.0,20551000000.0,162559000000.0,894900000.0,3576000000.0,1679000000.0,733000000.0,-1236000000.0,-1624000000.0,1450000000.0,-167000000.0,716000000.0,1361000000.0,8700000000.0,18123000000.0,2210000000.0,4394000000.0,1582000000.0,6490000000.0,323000000.0,1679000000.0,1571000000.0,1362000000.0,1894000000.0,3573000000.0,2.18,2.09,4.3062,894939080.0,889400000.0,0.01609322376977862,0.028938881747756814,0.0674722244749006,-0.35043247393357524,0.07509794184185842,0.12194449042652983,0.48005297136235725,1.039305967431455,6.4966181694321445,2843000000.0,0.15687248248082547,0.19715278927329913,5.863777089783282
2020-09-30,122.85,129.95,116.48,121.67,93.1171,84510174,0.0,154200000000.0,39953000000.0,12041000000.0,12041000000.0,1869000000.0,19952000000.0,114246000000.0,9709000000.0,14270000000.0,14270000000.0,57833000000.0,2063000000.0,133512000000.0,38442000000.0,4719000000.0,10632000000.0,95070000000.0,55449000000.0,69765000000.0,20551000000.0,162559000000.0,894900000.0,3576000000.0,1679000000.0,733000000.0,-1236000000.0,-1624000000.0,1450000000.0,-167000000.0,716000000.0,1361000000.0,8700000000.0,18123000000.0,2210000000.0,4394000000.0,1582000000.0,6490000000.0,323000000.0,1679000000.0,1571000000.0,1362000000.0,1894000000.0,3573000000.0,2.18,2.09,4.3062,894939080.0,889400000.0,-0.013300512968318023,0.0175368645706829,0.11070929563573588,0.14152021408505,0.07509794184185842,0.12194449042652983,0.48005297136235725,1.039305967431455,6.4966181694321445,2843000000.0,0.15687248248082547,0.19715278927329913,5.863777089783282
2020-10-30,122.36,135.5,105.92,111.66,85.4562,159130911,0.0,154200000000.0,39953000000.0,12041000000.0,12041000000.0,1869000000.0,19952000000.0,114246000000.0,9709000000.0,14270000000.0,14270000000.0,57833000000.0,2063000000.0,133512000000.0,38442000000.0,4719000000.0,10632000000.0,95070000000.0,55449000000.0,69765000000.0,20551000000.0,162559000000.0,894900000.0,3576000000.0,1679000000.0,733000000.0,-1236000000.0,-1624000000.0,1450000000.0,-167000000.0,716000000.0,1361000000.0,8700000000.0,18123000000.0,2210000000.0,4394000000.0,1582000000.0,6490000000.0,323000000.0,1679000000.0,1571000000.0,1362000000.0,1894000000.0,3573000000.0,2.18,2.09,4.3062,894939080.0,889400000.0,-0.08227167727517282,0.05049202416034767,0.2649113379903278,0.8829793321689292,0.07509794184185842,0.12194449042652983,0.48005297136235725,1.039305967431455,6.4966181694321445,2843000000.0,0.15687248248082547,0.19715278927329913,5.863777089783282
2020-11-30,112.65,125.313,111.16,123.52,95.8667,103461100,1.63,154128000000.0,39845000000.0,14393000000.0,14393000000.0,1949000000.0,18398000000.0,114283000000.0,9958000000.0,13962000000.0,13962000000.0,58355000000.0,1200000000.0,132794000000.0,37993000000.0,3985000000.0,11622000000.0,94801000000.0,55129000000.0,70385000000.0,21208000000.0,162806000000.0,897292233.0,4285000000.0,1683000000.0,893000000.0,-332000000.0,-1689000000.0,1453000000.0,-14000000.0,2264000000.0,1698000000.0,8430000000.0,17561000000.0,2409000000.0,4011000000.0,1515000000.0,6022000000.0,323000000.0,1683000000.0,1827000000.0,1699000000.0,2150000000.0,3833000000.0,2.58,2.58,0.0,897300000.0,891400000.0,0.1218226413063066,0.10381857509152326,0.11458063471502596,-0.3498365631803616,0.0966915323728717,0.1371789761403109,0.48004099994305566,1.0487458215987155,6.261505092417956,3392000000.0,0.1931552872843232,0.21826775240589943,6.656346749226006
2020-12-31,123.9,127.69,121.72,125.88,97.6984,102587006,0.0,154128000000.0,39845000000.0,14393000000.0,14393000000.0,1949000000.0,18398000000.0,114283000000.0,9958000000.0,13962000000.0,13962000000.0,58355000000.0,1200000000.0,132794000000.0,37993000000.0,3985000000.0,11622000000.0,94801000000.0,55129000000.0,70385000000.0,21208000000.0,162806000000.0,897292233.0,4285000000.0,1683000000.0,893000000.0,-332000000.0,-1689000000.0,1453000000.0,-14000000.0,2264000000.0,1698000000.0,8430000000.0,17561000000.0,2409000000.0,4011000000.0,1515000000.0,6022000000.0,323000000.0,1683000000.0,1827000000.0,1699000000.0,2150000000.0,3833000000.0,2.58,2.58,0.0,897300000.0,891400000.0,0.019106738836321746,0.1020478896978743,0.047426120114394656,-0.008448527997479194,0.0966915323728717,0.1371789761403109,0.48004099994305566,1.0487458215987155,6.261505092417956,3392000000.0,0.1931552872843232,0.21826775240589943,6.656346749226006
2021-01-29,125.85,132.24,117.36,119.11,92.444,176168962,0.0,154128000000.0,39845000000.0,14393000000.0,14393000000.0,1949000000.0,18398000000.0,114283000000.0,9958000000.0,13962000000.0,13962000000.0,58355000000.0,1200000000.0,132794000000.0,37993000000.0,3985000000.0,11622000000.0,94801000000.0,55129000000.0,70385000000.0,21208000000.0,162806000000.0,897292233.0,4285000000.0,1683000000.0,893000000.0,-332000000.0,-1689000000.0,1453000000.0,-14000000.0,2264000000.0,1698000000.0,8430000000.0,17561000000.0,2409000000.0,4011000000.0,1515000000.0,6022000000.0,323000000.0,1683000000.0,1827000000.0,1699000000.0,2150000000.0,3833000000.0,2.58,2.58,0.0,897300000.0,891400000.0,-0.053781842896096554,0.08822342549759561,0.12492653849382931,0.717263899874415,0.0966915323728717,0.1371789761403109,0.48004099994305566,1.0487458215987155,6.261505092417956,3392000000.0,0.1931552872843232,0.21826775240589943,6.656346749226006
2021-02-26,119.9,124.35,118.12,118.93,93.5366,106339228,1.63,155971000000.0,39165000000.0,13212000000.0,13212000000.0,1839000000.0,6215000000.0,116806000000.0,10040000000.0,13796000000.0,13796000000.0,53765000000.0,600000000.0,135245000000.0,39869000000.0,4033000000.0,8151000000.0,95376000000.0,54355000000.0,65088000000.0,20597000000.0,162717000000.0,899000000.0,5860000000.0,1699000000.0,821000000.0,-558000000.0,-6293000000.0,1454000000.0,-77000000.0,-991000000.0,1356000000.0,10523000000.0,20368000000.0,3999000000.0,4541000000.0,1611000000.0,6525000000.0,317000000.0,1699000000.0,1289000000.0,1263000000.0,1606000000.0,3305000000.0,2.07,1.88,10.1064,898855884.0,892609173.0,0.0118190472069577,0.040144183012737734,0.052383755150088196,-0.39637932361774375,0.06657501963864886,0.19633739198743128,0.5166437549096622,0.9823421706087436,6.566247511773559,5039000000.0,0.24739787902592303,0.1622643362136685,5.066246056782334
2021-03-31,120.35,137.07,118.755,133.26,104.8069,127967821,0.0,155971000000.0,39165000000.0,13212000000.0,13212000000.0,1839000000.0,6215000000.0,116806000000.0,10040000000.0,13796000000.0,13796000000.0,53765000000.0,600000000.0,135245000000.0,39869000000.0,4033000000.0,8151000000.0,95376000000.0,54355000000.0,65088000000.0,20597000000.0,162717000000.0,899000000.0,5860000000.0,1699000000.0,821000000.0,-558000000.0,-6293000000.0,1454000000.0,-77000000.0,-991000000.0,1356000000.0,10523000000.0,20368000000.0,3999000000.0,4541000000.0,1611000000.0,6525000000.0,317000000.0,1699000000.0,1289000000.0,1263000000.0,1606000000.0,3305000000.0,2.07,1.88,10.1064,898855884.0,892609173.0,0.12049080253077404,0.08801892043906627,0.13743809095002252,0.20339242071608798,0.06657501963864886,0.19633739198743128,0.5166437549096622,0.9823421706087436,6.566247511773559,5039000000.0,0.24739787902592303,0.1622643362136685,5.066246056782334
2021-04-30,133.76,148.74,130.38,141.88,111.5864,122920494,0.0,155971000000.0,39165000000.0,13212000000.0,13212000000.0,1839000000.0,6215000000.0,116806000000.0,10040000000.0,13796000000.0,13796000000.0,53765000000.0,600000000.0,135245000000.0,39869000000.0,4033000000.0,8151000000.0,95376000000.0,54355000000.0,65088000000.0,20597000000.0,162717000000.0,899000000.0,5860000000.0,1699000000.0,821000000.0,-558000000.0,-6293000000.0,1454000000.0,-77000000.0,-991000000.0,1356000000.0,10523000000.0,20368000000.0,3999000000.0,4541000000.0,1611000000.0,6525000000.0,317000000.0,1699000000.0,1289000000.0,1263000000.0,1606000000.0,3305000000.0,2.07,1.88,10.1064,898855884.0,892609173.0,0.06468562661427835,0.05434249914885649,0.12940513109670154,-0.03944215788436378,0.06657501963864886,0.19633739198743128,0.5166437549096622,0.9823421706087436,6.566247511773559,5039000000.0,0.24739787902592303,0.1622643362136685,5.066246056782334
2021-05-28,143.81,148.515,140.92,143.74,114.3238,98036425,1.64,148629000000.0,34038000000.0,10531000000.0,10531000000.0,1828000000.0,16589000000.0,114590000000.0,9452000000.0,13535000000.0,13535000000.0,59984000000.0,600000000.0,127116000000.0,36542000000.0,4140000000.0,6535000000.0,90574000000.0,51206000000.0,61120000000.0,21389000000.0,162218000000.0,901746065.0,4914000000.0,1672000000.0,669000000.0,-2000000000.0,-5783000000.0,1457000000.0,-41000000.0,-2869000000.0,955000000.0,7027000000.0,13187000000.0,956000000.0,4005000000.0,1616000000.0,6071000000.0,280000000.0,1672000000.0,244000000.0,956000000.0,524000000.0,2196000000.0,1.77,1.65,7.2727,901700000.0,893630916.0,0.024531663356824884,0.04819182990119992,0.052838458327535816,-0.20244035953841844,0.07241980738606203,0.07249563964510503,0.5328732842951391,0.9314761096820098,5.943054841273552,4245000000.0,0.3219079396375218,0.16652764085842117,1.8714285714285714
2021-06-30,145.0,152.84,143.04,146.59,116.5906,84365220,0.0,148629000000.0,34038000000.0,10531000000.0,10531000000.0,1828000000.0,16589000000.0,114590000000.0,9452000000.0,13535000000.0,13535000000.0,59984000000.0,600000000.0,127116000000.0,36542000000.0,4140000000.0,6535000000.0,90574000000.0,51206000000.0,61120000000.0,21389000000.0,162218000000.0,901746065.0,4914000000.0,1672000000.0,669000000.0,-2000000000.0,-5783000000.0,1457000000.0,-41000000.0,-2869000000.0,955000000.0,7027000000.0,13187000000.0,956000000.0,4005000000.0,1616000000.0,6071000000.0,280000000.0,1672000000.0,244000000.0,956000000.0,524000000.0,2196000000.0,1.77,1.65,7.2727,901700000.0,893630916.0,0.0198278923548727,0.02465320313808823,0.06685312777133509,-0.13945026045166375,0.07241980738606203,0.07249563964510503,0.5328732842951391,0.9314761096820098,5.943054841273552,4245000000.0,0.3219079396375218,0.16652764085842117,1.8714285714285714
2021-07-30,146.96,147.5,136.2089,140.96,112.1127,110625907,0.0,148629000000.0,34038000000.0,10531000000.0,10531000000.0,1828000000.0,16589000000.0,114590000000.0,9452000000.0,13535000000.0,13535000000.0,59984000000.0,600000000.0,127116000000.0,36542000000.0,4140000000.0,6535000000.0,90574000000.0,51206000000.0,61120000000.0,21389000000.0,162218000000.0,901746065.0,4914000000.0,1672000000.0,669000000.0,-2000000000.0,-5783000000.0,1457000000.0,-41000000.0,-2869000000.0,955000000.0,7027000000.0,13187000000.0,956000000.0,4005000000.0,1616000000.0,6071000000.0,280000000.0,1672000000.0,244000000.0,956000000.0,524000000.0,2196000000.0,1.77,1.65,7.2727,901700000.0,893630916.0,-0.03840704139098683,0.03505879234789186,0.08010144721906924,0.3112738519498912,0.07241980738606203,0.07249563964510503,0.5328732842951391,0.9314761096820098,5.943054841273552,4245000000.0,0.3219079396375218,0.16652764085842117,1.8714285714285714
2021-08-31,141.45,144.7,137.21,140.34,112.9156,69687056,1.64,146814000000.0,30774000000.0,7350000000.0,7350000000.0,1807000000.0,16370000000.0,116040000000.0,13810000000.0,13539000000.0,13539000000.0,61645000000.0,600000000.0,124747000000.0,36616000000.0,4214000000.0,7776000000.0,88131000000.0,48735000000.0,59789000000.0,21942000000.0,162086000000.0,904200000.0,2625000000.0,1680000000.0,764000000.0,-2671000000.0,-3131000000.0,1467000000.0,-193000000.0,-3177000000.0,1325000000.0,7852000000.0,14218000000.0,1599000000.0,4095000000.0,1641000000.0,6253000000.0,281000000.0,1680000000.0,911000000.0,1325000000.0,1193000000.0,2873000000.0,2.33,2.29,1.7467,904233439.0,895043024.0,0.007161543696655226,0.030627438252885247,0.053370386204930745,-0.37006567548413416,0.09319172879448587,0.11246307497538331,0.5522577015051343,0.8404522613065326,5.685306717710327,1861000000.0,0.13089042059361372,0.20206780137853425,4.245551601423488
2021-09-30,139.98,140.57,132.78,138.93,111.7811,76644238,0.0,146814000000.0,30774000000.0,7350000000.0,7350000000.0,1807000000.0,16370000000.0,116040000000.0,13810000000.0,13539000000.0,13539000000.0,61645000000.0,600000000.0,124747000000.0,36616000000.0,4214000000.0,7776000000.0,88131000000.0,48735000000.0,59789000000.0,21942000000.0,162086000000.0,904200000.0,2625000000.0,1680000000.0,764000000.0,-2671000000.0,-3131000000.0,1467000000.0,-193000000.0,-3177000000.0,1325000000.0,7852000000.0,14218000000.0,1599000000.0,4095000000.0,1641000000.0,6253000000.0,281000000.0,1680000000.0,911000000.0,1325000000.0,1193000000.0,2873000000.0,2.33,2.29,1.7467,904233439.0,895043024.0,-0.010047327384347327,0.023010557610622207,0.05607140286475197,0.09983463787019509,0.09319172879448587,0.11246307497538331,0.5522577015051343,0.8404522613065326,5.685306717710327,1861000000.0,0.13089042059361372,0.20206780137853425,4.245551601423488
2021-10-29,141.0,146.0,124.62,125.1,100.6537,144097758,0.0,146814000000.0,30774000000.0,7350000000.0,7350000000.0,1807000000.0,16370000000.0,116040000000.0,13810000000.0,13539000000.0,13539000000.0,61645000000.0,600000000.0,124747000000.0,36616000000.0,4214000000.0,7776000000.0,88131000000.0,48735000000.0,59789000000.0,21942000000.0,162086000000.0,904200000.0,2625000000.0,1680000000.0,764000000.0,-2671000000.0,-3131000000.0,1467000000.0,-193000000.0,-3177000000.0,1325000000.0,7852000000.0,14218000000.0,1599000000.0,4095000000.0,1641000000.0,6253000000.0,281000000.0,1680000000.0,911000000.0,1325000000.0,1193000000.0,2873000000.0,2.33,2.29,1.7467,904233439.0,895043024.0,-0.0995463454913218,0.057289895998259996,0.1709032773780975,0.8800859889819768,0.09319172879448587,0.11246307497538331,0.5522577015051343,0.8404522613065326,5.685306717710327,1861000000.0,0.13089042059361372,0.20206780137853425,4.245551601423488
2021-11-30,125.05,127.29,114.56,117.1,99.8884,119252012,1.64,144214000000.0,29967000000.0,7455000000.0,7455000000.0,1891000000.0,15235000000.0,114248000000.0,13391000000.0,13025000000.0,13025000000.0,61378000000.0,600000000.0,121857000000.0,35832000000.0,4248000000.0,8860000000.0,86026000000.0,46926000000.0,58978000000.0,22228000000.0,161747000000.0,906000000.0,2713000000.0,1684000000.0,734000000.0,-629000000.0,-1748000000.0,1471000000.0,-18000000.0,336000000.0,1130000000.0,7106000000.0,13251000000.0,1336000000.0,3697000000.0,1606000000.0,5770000000.0,290000000.0,1684000000.0,813000000.0,1130000000.0,1103000000.0,2787000000.0,2.52,2.51,0.3984,906000000.0,897097073.0,-0.007603297245903473,0.05239206626657877,0.10871050384286939,-0.17242284921601625,0.08527658289940382,0.1008225794279677,0.5362614142328881,0.8363194909578031,5.48213964369264,1979000000.0,0.14934721907780546,0.21032374915100746,3.803448275862069
2021-12-31,118.25,134.99,116.56,133.66,114.0144,113930079,0.0,144214000000.0,29967000000.0,7455000000.0,7455000000.0,1891000000.0,15235000000.0,114248000000.0,13391000000.0,13025000000.0,13025000000.0,61378000000.0,600000000.0,121857000000.0,35832000000.0,4248000000.0,8860000000.0,86026000000.0,46926000000.0,58978000000.0,22228000000.0,161747000000.0,906000000.0,2713000000.0,1684000000.0,734000000.0,-629000000.0,-1748000000.0,1471000000.0,-18000000.0,336000000.0,1130000000.0,7106000000.0,13251000000.0,1336000000.0,3697000000.0,1606000000.0,5770000000.0,290000000.0,1684000000.0,813000000.0,1130000000.0,1103000000.0,2787000000.0,2.52,2.51,0.3984,906000000.0,897097073.0,0.14141782228967514,0.12160355555566958,0.1378871764177765,-0.044627616010369686,0.08527658289940382,0.1008225794279677,0.5362614142328881,0.8363194909578031,5.48213964369264,1979000000.0,0.14934721907780546,0.21032374915100746,3.803448275862069
2022-01-31,134.07,142.2,124.193,133.57,113.9376,147238382,0.0,144214000000.0,29967000000.0,7455000000.0,7455000000.0,1891000000.0,15235000000.0,114248000000.0,13391000000.0,13025000000.0,13025000000.0,61378000000.0,600000000.0,121857000000.0,35832000000.0,4248000000.0,8860000000.0,86026000000.0,46926000000.0,58978000000.0,22228000000.0,161747000000.0,906000000.0,2713000000.0,1684000000.0,734000000.0,-629000000.0,-1748000000.0,1471000000.0,-18000000.0,336000000.0,1130000000.0,7106000000.0,13251000000.0,1336000000.0,3697000000.0,1606000000.0,5770000000.0,290000000.0,1684000000.0,813000000.0,1130000000.0,1103000000.0,2787000000.0,2.52,2.51,0.3984,906000000.0,897097073.0,-0.0006735991243210782,0.08410834958863399,0.13481320655835885,0.29235741160154904,0.08527658289940382,0.1008225794279677,0.5362614142328881,0.8363194909578031,5.48213964369264,1979000000.0,0.14934721907780546,0.21032374915100746,3.803448275862069
2022-02-28,133.76,138.82,118.81,122.51,105.7868,98492968,1.64,132001000000.0,29539000000.0,6650000000.0,6650000000.0,1649000000.0,7225000000.0,102462000000.0,8916000000.0,12511000000.0,12511000000.0,55643000000.0,600000000.0,113005000000.0,33619000000.0,3955000000.0,7760000000.0,79386000000.0,44917000000.0,55140000000.0,18901000000.0,154209000000.0,904641001.0,2544000000.0,1381000000.0,601000000.0,-675000000.0,-2692000000.0,1474000000.0,-67000000.0,-823000000.0,2333000000.0,9501000000.0,16695000000.0,2974000000.0,4308000000.0,1625000000.0,6527000000.0,304000000.0,1381000000.0,2869000000.0,2462000000.0,3172000000.0,4553000000.0,3.35,3.29,1.8237,906564004.0,898063084.0,-0.07153740292932276,0.1084447468200878,0.16333360541996564,-0.3310645861348843,0.1397424378556454,0.1781371668164121,0.5690925426774484,0.8786400547309557,5.978784191312629,1943000000.0,0.1163821503444145,0.27271638215034444,10.43421052631579
2022-03-31,122.67,133.08,120.7,130.02,112.2717,96447210,0.0,132001000000.0,29539000000.0,6650000000.0,6650000000.0,1649000000.0,7225000000.0,102462000000.0,8916000000.0,12511000000.0,12511000000.0,55643000000.0,600000000.0,113005000000.0,33619000000.0,3955000000.0,7760000000.0,79386000000.0,44917000000.0,55140000000.0,18901000000.0,154209000000.0,904641001.0,2544000000.0,1381000000.0,601000000.0,-675000000.0,-2692000000.0,1474000000.0,-67000000.0,-823000000.0,2333000000.0,9501000000.0,16695000000.0,2974000000.0,4308000000.0,1625000000.0,6527000000.0,304000000.0,1381000000.0,2869000000.0,2462000000.0,3172000000.0,4553000000.0,3.35,3.29,1.8237,906564004.0,898063084.0,0.06130159906528987,0.06646904584250725,0.09521612059683132,-0.0207705995822971,0.1397424378556454,0.1781371668164121,0.5690925426774484,0.8786400547309557,5.978784191312629,1943000000.0,0.1163821503444145,0.27271638215034444,10.43421052631579
2022-04-29,129.66,141.88,124.91,132.21,114.1627,107525264,0.0,132001000000.0,29539000000.0,6650000000.0,6650000000.0,1649000000.0,7225000000.0,102462000000.0,8916000000.0,12511000000.0,12511000000.0,55643000000.0,600000000.0,113005000000.0,33619000000.0,3955000000.0,7760000000.0,79386000000.0,44917000000.0,55140000000.0,18901000000.0,154209000000.0,904641001.0,2544000000.0,1381000000.0,601000000.0,-675000000.0,-2692000000.0,1474000000.0,-67000000.0,-823000000.0,2333000000.0,9501000000.0,16695000000.0,2974000000.0,4308000000.0,1625000000.0,6527000000.0,304000000.0,1381000000.0,2869000000.0,2462000000.0,3172000000.0,4553000000.0,3.35,3.29,1.8237,906564004.0,898063084.0,0.016843069090429763,0.06761886962094288,0.12835640269268586,0.11486132154574502,0.1397424378556454,0.1781371668164121,0.5690925426774484,0.8786400547309557,5.978784191312629,1943000000.0,0.1163821503444145,0.27271638215034444,10.43421052631579
2022-05-31,133.0,139.83,125.8,138.84,121.3591,113207659,1.65,133275000000.0,31330000000.0,9934000000.0,9934000000.0,1776000000.0,6480000000.0,101944000000.0,5559000000.0,12312000000.0,12312000000.0,56106000000.0,550000000.0,114163000000.0,34056000000.0,3453000000.0,8644000000.0,80107000000.0,46545000000.0,57547000000.0,19050000000.0,153401000000.0,909226136.0,3248000000.0,1256000000.0,450000000.0,-1358000000.0,1377000000.0,1475000000.0,-80000000.0,3267000000.0,733000000.0,7335000000.0,14197000000.0,1184000000.0,3960000000.0,1679000000.0,6151000000.0,311000000.0,1256000000.0,623000000.0,662000000.0,934000000.0,2190000000.0,1.4,1.42,-1.4085,909200000.0,899316026.0,0.06303635075204062,0.02618329467939754,0.10105157015269385,0.05284706857357735,0.0516306261886314,0.08339790096499261,0.5166584489680919,0.9199553676297862,5.992808398950131,2798000000.0,0.19708389096287948,0.1542579418186941,3.0032154340836015
2022-06-30,139.67,144.73,132.85,141.19,123.4132,105815743,0.0,133275000000.0,31330000000.0,9934000000.0,9934000000.0,1776000000.0,6480000000.0,101944000000.0,5559000000.0,12312000000.0,12312000000.0,56106000000.0,550000000.0,114163000000.0,34056000000.0,3453000000.0,8644000000.0,80107000000.0,46545000000.0,57547000000.0,19050000000.0,153401000000.0,909226136.0,3248000000.0,1256000000.0,450000000.0,-1358000000.0,1377000000.0,1475000000.0,-80000000.0,3267000000.0,733000000.0,7335000000.0,14197000000.0,1184000000.0,3960000000.0,1679000000.0,6151000000.0,311000000.0,1256000000.0,623000000.0,662000000.0,934000000.0,2190000000.0,1.4,1.42,-1.4085,909200000.0,899316026.0,0.01692580119661402,0.026645853009344796,0.08414193639776185,-0.06529519349923141,0.0516306261886314,0.08339790096499261,0.5166584489680919,0.9199553676297862,5.992808398950131,2798000000.0,0.19708389096287948,0.1542579418186941,3.0032154340836015
2022-07-29,141.0,141.87,125.13,130.79,114.3226,129801061,0.0,133275000000.0,31330000000.0,9934000000.0,9934000000.0,1776000000.0,6480000000.0,101944000000.0,5559000000.0,12312000000.0,12312000000.0,56106000000.0,550000000.0,114163000000.0,34056000000.0,3453000000.0,8644000000.0,80107000000.0,46545000000.0,57547000000.0,19050000000.0,153401000000.0,909226136.0,3248000000.0,1256000000.0,450000000.0,-1358000000.0,1377000000.0,1475000000.0,-80000000.0,3267000000.0,733000000.0,7335000000.0,14197000000.0,1184000000.0,3960000000.0,1679000000.0,6151000000.0,311000000.0,1256000000.0,623000000.0,662000000.0,934000000.0,2190000000.0,1.4,1.42,-1.4085,909200000.0,899316026.0,-0.0736598678261321,0.06954351441863993,0.12799143665417853,0.22667060042285003,0.0516306261886314,0.08339790096499261,0.5166584489680919,0.9199553676297862,5.992808398950131,2798000000.0,0.19708389096287948,0.1542579418186941,3.0032154340836015
2022-08-31,130.75,139.34,128.4,128.45,113.7082,77392342,1.65,127503000000.0,27896000000.0,7034000000.0,7034000000.0,1684000000.0,13395000000.0,99606000000.0,8123000000.0,11571000000.0,11571000000.0,55039000000.0,524000000.0,108027000000.0,31844000000.0,3707000000.0,6866000000.0,76183000000.0,44328000000.0,53375000000.0,19409000000.0,153298000000.0,910700000.0,1321000000.0,1246000000.0,511000000.0,172000000.0,-4196000000.0,1488000000.0,-235000000.0,-2703000000.0,1392000000.0,8290000000.0,15535000000.0,1960000000.0,4149000000.0,1673000000.0,6329000000.0,297000000.0,1246000000.0,1722000000.0,1465000000.0,2019000000.0,3265000000.0,2.31,2.29,0.8734,910700000.0,901500000.0,-0.00537426545582409,0.04719812831048404,0.08516932658622031,-0.4037618690959699,0.08960411972964274,0.1261667203089797,0.53363373028645,0.8760206004270821,5.565819980421454,810000000.0,0.052140328290955905,0.2101705825555198,6.797979797979798
2022-09-30,128.4,130.99,118.61,118.81,105.1745,87256958,0.0,127503000000.0,27896000000.0,7034000000.0,7034000000.0,1684000000.0,13395000000.0,99606000000.0,8123000000.0,11571000000.0,11571000000.0,55039000000.0,524000000.0,108027000000.0,31844000000.0,3707000000.0,6866000000.0,76183000000.0,44328000000.0,53375000000.0,19409000000.0,153298000000.0,910700000.0,1321000000.0,1246000000.0,511000000.0,172000000.0,-4196000000.0,1488000000.0,-235000000.0,-2703000000.0,1392000000.0,8290000000.0,15535000000.0,1960000000.0,4149000000.0,1673000000.0,6329000000.0,297000000.0,1246000000.0,1722000000.0,1465000000.0,2019000000.0,3265000000.0,2.31,2.29,0.8734,910700000.0,901500000.0,-0.07504911695022887,0.03983180980692863,0.10419998316640021,0.12746243032676285,0.08960411972964274,0.1261667203089797,0.53363373028645,0.8760206004270821,5.565819980421454,810000000.0,0.052140328290955905,0.2101705825555198,6.797979797979798
2022-10-31,120.16,138.8615,115.545,138.29,122.4188,113480787,0.0,127503000000.0,27896000000.0,7034000000.0,7034000000.0,1684000000.0,13395000000.0,99606000000.0,8123000000.0,11571000000.0,11571000000.0,55039000000.0,524000000.0,108027000000.0,31844000000.0,3707000000.0,6866000000.0,76183000000.0,44328000000.0,53375000000.0,19409000000.0,153298000000.0,910700000.0,1321000000.0,1246000000.0,511000000.0,172000000.0,-4196000000.0,1488000000.0,-235000000.0,-2703000000.0,1392000000.0,8290000000.0,15535000000.0,1960000000.0,4149000000.0,1673000000.0,6329000000.0,297000000.0,1246000000.0,1722000000.0,1465000000.0,2019000000.0,3265000000.0,2.31,2.29,0.8734,910700000.0,901500000.0,0.1639589444209386,0.12291811251014419,0.16860582833176663,0.3005356776247001,0.08960411972964274,0.1261667203089797,0.53363373028645,0.8760206004270821,5.565819980421454,810000000.0,0.052140328290955905,0.2101705825555198,6.797979797979798
2022-11-30,138.25,150.46,133.97,148.9,133.3942,93620235,1.65,125850000000.0,28999000000.0,7816000000.0,7816000000.0,1794000000.0,6048000000.0,96851000000.0,7890000000.0,10967000000.0,10967000000.0,54218000000.0,1753000000.0,105703000000.0,30466000000.0,3806000000.0,6781000000.0,75237000000.0,44942000000.0,53826000000.0,20076000000.0,148611000000.0,904100000.0,1901000000.0,1163000000.0,455000000.0,-1697000000.0,713000000.0,1491000000.0,-14000000.0,917000000.0,-3196000000.0,7430000000.0,14106000000.0,1561000000.0,3819000000.0,1611000000.0,5868000000.0,295000000.0,1163000000.0,-4501000000.0,-3214000000.0,-4206000000.0,-3043000000.0,1.81,1.8,0.5556,904100000.0,904076831.0,0.08965453018654013,0.1223201337715055,0.11074546675621227,-0.1750124626823394,-0.2265702537927123,0.11066212959024528,0.5267262157946973,0.9518479616621808,5.265142458657103,1446000000.0,0.10250957039557634,-0.21572380547284845,-14.257627118644068
2022-12-30,149.98,153.21,137.195,140.89,126.2183,86426226,0.0,125850000000.0,28999000000.0,7816000000.0,7816000000.0,1794000000.0,6048000000.0,96851000000.0,7890000000.0,10967000000.0,10967000000.0,54218000000.0,1753000000.0,105703000000.0,30466000000.0,3806000000.0,6781000000.0,75237000000.0,44942000000.0,53826000000.0,20076000000.0,148611000000.0,904100000.0,1901000000.0,1163000000.0,455000000.0,-1697000000.0,713000000.0,1491000000.0,-14000000.0,917000000.0,-3196000000.0,7430000000.0,14106000000.0,1561000000.0,3819000000.0,1611000000.0,5868000000.0,295000000.0,1163000000.0,-4501000000.0,-3214000000.0,-4206000000.0,-3043000000.0,1.81,1.8,0.5556,904100000.0,904076831.0,-0.05379469272277215,0.11069136673450594,0.11367023919369733,-0.07684245825702107,-0.2265702537927123,0.11066212959024528,0.5267262157946973,0.9518479616621808,5.265142458657103,1446000000.0,0.10250957039557634,-0.21572380547284845,-14.257627118644068
2023-01-31,141.1,147.18,132.98,134.73,120.6998,105576019,0.0,125850000000.0,28999000000.0,7816000000.0,7816000000.0,1794000000.0,6048000000.0,96851000000.0,7890000000.0,10967000000.0,10967000000.0,54218000000.0,1753000000.0,105703000000.0,30466000000.0,3806000000.0,6781000000.0,75237000000.0,44942000000.0,53826000000.0,20076000000.0,148611000000.0,904100000.0,1901000000.0,1163000000.0,455000000.0,-1697000000.0,713000000.0,1491000000.0,-14000000.0,917000000.0,-3196000000.0,7430000000.0,14106000000.0,1561000000.0,3819000000.0,1611000000.0,5868000000.0,295000000.0,1163000000.0,-4501000000.0,-3214000000.0,-4206000000.0,-3043000000.0,1.81,1.8,0.5556,904100000.0,904076831.0,-0.04372186917427978,0.08007122374692578,0.10539597713946425,0.22157386578467508,-0.2265702537927123,0.11066212959024528,0.5267262157946973,0.9518479616621808,5.265142458657103,1446000000.0,0.10250957039557634,-0.21572380547284845,-14.257627118644068
2023-02-28,134.49,137.39,128.86,129.3,117.2642,76080679,1.65,127243000000.0,29118000000.0,7886000000.0,7886000000.0,1552000000.0,7005000000.0,98126000000.0,8212000000.0,11184000000.0,11184000000.0,55949000000.0,852000000.0,105222000000.0,31505000000.0,4051000000.0,5634000000.0,73717000000.0,46189000000.0,54013000000.0,21944000000.0,149825000000.0,915900000.0,3965000000.0,1137000000.0,544000000.0,-4202000000.0,-2852000000.0,1494000000.0,-78000000.0,,2711000000.0,9632000000.0,16691000000.0,3499000000.0,4175000000.0,1604000000.0,6134000000.0,313000000.0,1137000000.0,3312000000.0,2869000000.0,3625000000.0,4762000000.0,3.6,3.61,-0.277,944276248.0,905793109.0,-0.028464007396863944,0.012753481481135556,0.0659706109822117,-0.2793753759554052,0.16242286262057395,0.2096339344556947,0.5770774668983284,0.924234248531979,4.795023696682464,3421000000.0,0.20496075729435026,0.28530345695284887,11.581469648562301
2023-03-31,128.9,131.48,121.71,131.09,118.8876,138093084,0.0,127243000000.0,29118000000.0,7886000000.0,7886000000.0,1552000000.0,7005000000.0,98126000000.0,8212000000.0,11184000000.0,11184000000.0,55949000000.0,852000000.0,105222000000.0,31505000000.0,4051000000.0,5634000000.0,73717000000.0,46189000000.0,54013000000.0,21944000000.0,149825000000.0,915900000.0,3965000000.0,1137000000.0,544000000.0,-4202000000.0,-2852000000.0,1494000000.0,-78000000.0,,2711000000.0,9632000000.0,16691000000.0,3499000000.0,4175000000.0,1604000000.0,6134000000.0,313000000.0,1137000000.0,3312000000.0,2869000000.0,3625000000.0,4762000000.0,3.6,3.61,-0.277,944276248.0,905793109.0,0.013843952374211321,0.029823339899488023,0.07452894957662672,0.8150874284389602,0.16242286262057395,0.2096339344556947,0.5770774668983284,0.924234248531979,4.795023696682464,3421000000.0,0.20496075729435026,0.28530345695284887,11.581469648562301
2023-04-28,130.97,132.61,124.56,126.41,114.6432,83664114,0.0,127243000000.0,29118000000.0,7886000000.0,7886000000.0,1552000000.0,7005000000.0,98126000000.0,8212000000.0,11184000000.0,11184000000.0,55949000000.0,852000000.0,105222000000.0,31505000000.0,4051000000.0,5634000000.0,73717000000.0,46189000000.0,54013000000.0,21944000000.0,149825000000.0,915900000.0,3965000000.0,1137000000.0,544000000.0,-4202000000.0,-2852000000.0,1494000000.0,-78000000.0,,2711000000.0,9632000000.0,16691000000.0,3499000000.0,4175000000.0,1604000000.0,6134000000.0,313000000.0,1137000000.0,3312000000.0,2869000000.0,3625000000.0,4762000000.0,3.6,3.61,-0.277,944276248.0,905793109.0,-0.0357009477859761,0.02676139600889502,0.06368167075389615,-0.3941469653903884,0.16242286262057395,0.2096339344556947,0.5770774668983284,0.924234248531979,4.795023696682464,3421000000.0,0.20496075729435026,0.28530345695284887,11.581469648562301
2023-05-31,126.35,130.0699,120.55,128.59,118.218,95710890,1.66,133637000000.0,35982000000.0,9337000000.0,9337000000.0,1603000000.0,6218000000.0,97655000000.0,8133000000.0,10905000000.0,10905000000.0,56193000000.0,8057000000.0,111965000000.0,30993000000.0,3728000000.0,5756000000.0,80972000000.0,53826000000.0,61676000000.0,21604000000.0,149253000000.0,917845279.0,3774000000.0,1074000000.0,457000000.0,-7960000000.0,5708000000.0,1497000000.0,-96000000.0,1522000000.0,927000000.0,7509000000.0,14252000000.0,1436000000.0,4035000000.0,1655000000.0,6073000000.0,367000000.0,1074000000.0,1058000000.0,934000000.0,1425000000.0,2499000000.0,1.36,1.24,9.6774,917845279.0,907500000.0,0.03118196282029828,0.03470981482059121,0.07403297301500888,0.14398976363988036,0.06504350266629245,0.10075778838057817,0.5268734212742071,1.1609718323492402,5.182605073134605,3317000000.0,0.23273926466460848,0.17534381139489194,3.88283378746594
2023-06-30,128.44,139.469,127.78,133.81,123.0169,100722016,0.0,133637000000.0,35982000000.0,9337000000.0,9337000000.0,1603000000.0,6218000000.0,97655000000.0,8133000000.0,10905000000.0,10905000000.0,56193000000.0,8057000000.0,111965000000.0,30993000000.0,3728000000.0,5756000000.0,80972000000.0,53826000000.0,61676000000.0,21604000000.0,149253000000.0,917845279.0,3774000000.0,1074000000.0,457000000.0,-7960000000.0,5708000000.0,1497000000.0,-96000000.0,1522000000.0,927000000.0,7509000000.0,14252000000.0,1436000000.0,4035000000.0,1655000000.0,6073000000.0,367000000.0,1074000000.0,1058000000.0,934000000.0,1425000000.0,2499000000.0,1.36,1.24,9.6774,917845279.0,907500000.0,0.040593649021299694,0.0415988162297473,0.08735520514161865,0.05235690525916126,0.06504350266629245,0.10075778838057817,0.5268734212742071,1.1609718323492402,5.182605073134605,3317000000.0,0.23273926466460848,0.17534381139489194,3.88283378746594
2023-07-31,133.42,144.605,131.55,144.18,132.5505,85778938,0.0,133637000000.0,35982000000.0,9337000000.0,9337000000.0,1603000000.0,6218000000.0,97655000000.0,8133000000.0,10905000000.0,10905000000.0,56193000000.0,8057000000.0,111965000000.0,30993000000.0,3728000000.0,5756000000.0,80972000000.0,53826000000.0,61676000000.0,21604000000.0,149253000000.0,917845279.0,3774000000.0,1074000000.0,457000000.0,-7960000000.0,5708000000.0,1497000000.0,-96000000.0,1522000000.0,927000000.0,7509000000.0,14252000000.0,1436000000.0,4035000000.0,1655000000.0,6073000000.0,367000000.0,1074000000.0,1058000000.0,934000000.0,1425000000.0,2499000000.0,1.36,1.24,9.6774,917845279.0,907500000.0,0.07749829494971827,0.02448038449511047,0.09054653904841155,-0.14835959995081904,0.06504350266629245,0.10075778838057817,0.5268734212742071,1.1609718323492402,5.182605073134605,3317000000.0,0.23273926466460848,0.17534381139489194,3.88283378746594
2023-08-31,144.25,147.7275,139.76,146.83,136.5593,84274205,1.66,132213000000.0,34458000000.0,9394000000.0,9394000000.0,1501000000.0,6120000000.0,97755000000.0,8096000000.0,10496000000.0,10496000000.0,56385000000.0,6904000000.0,109942000000.0,32513000000.0,3732000000.0,7627000000.0,77429000000.0,50691000000.0,60304000000.0,22201000000.0,149318000000.0,919452496.0,2638000000.0,1076000000.0,487000000.0,-7953000000.0,-2731000000.0,1510000000.0,-144000000.0,-85000000.0,1583000000.0,8501000000.0,15475000000.0,2278000000.0,4159000000.0,1687000000.0,6223000000.0,423000000.0,1077000000.0,2000000000.0,1581000000.0,2423000000.0,3500000000.0,2.18,2.0,9.0,919500000.0,909855943.0,0.030243567545954253,0.024839774353685742,0.05426343390315331,-0.01754198682198649,0.10229402261712439,0.14720516962843297,0.5493376413570275,1.0598222249561713,4.952119273906581,2151000000.0,0.1389983844911147,0.22617124394184168,5.7281323877068555
2023-09-29,147.26,151.9299,139.61,140.3,130.4861,82806487,0.0,132213000000.0,34458000000.0,9394000000.0,9394000000.0,1501000000.0,6120000000.0,97755000000.0,8096000000.0,10496000000.0,10496000000.0,56385000000.0,6904000000.0,109942000000.0,32513000000.0,3732000000.0,7627000000.0,77429000000.0,50691000000.0,60304000000.0,22201000000.0,149318000000.0,919452496.0,2638000000.0,1076000000.0,487000000.0,-7953000000.0,-2731000000.0,1510000000.0,-144000000.0,-85000000.0,1583000000.0,8501000000.0,15475000000.0,2278000000.0,4159000000.0,1687000000.0,6223000000.0,423000000.0,1077000000.0,2000000000.0,1581000000.0,2423000000.0,3500000000.0,2.18,2.0,9.0,919500000.0,909855943.0,-0.04447298719310966,0.061498735056970656,0.08781111903064853,-0.017415981556871407,0.10229402261712439,0.14720516962843297,0.5493376413570275,1.0598222249561713,4.952119273906581,2151000000.0,0.1389983844911147,0.22617124394184168,5.7281323877068555
2023-10-31,140.04,144.76,135.87,144.64,134.5225,94386980,0.0,132213000000.0,34458000000.0,9394000000.0,9394000000.0,1501000000.0,6120000000.0,97755000000.0,8096000000.0,10496000000.0,10496000000.0,56385000000.0,6904000000.0,109942000000.0,32513000000.0,3732000000.0,7627000000.0,77429000000.0,50691000000.0,60304000000.0,22201000000.0,149318000000.0,919452496.0,2638000000.0,1076000000.0,487000000.0,-7953000000.0,-2731000000.0,1510000000.0,-144000000.0,-85000000.0,1583000000.0,8501000000.0,15475000000.0,2278000000.0,4159000000.0,1687000000.0,6223000000.0,423000000.0,1077000000.0,2000000000.0,1581000000.0,2423000000.0,3500000000.0,2.18,2.0,9.0,919500000.0,909855943.0,0.030933563038515244,0.04333818074879201,0.061462942477876016,0.13985006995889093,0.10229402261712439,0.14720516962843297,0.5493376413570275,1.0598222249561713,4.952119273906581,2151000000.0,0.1389983844911147,0.22617124394184168,5.7281323877068555
2023-11-30,145.0,158.6,144.45,158.56,149.1385,78460252,1.66,129321000000.0,27705000000.0,7257000000.0,7257000000.0,1399000000.0,11204000000.0,101617000000.0,8481000000.0,11278000000.0,11278000000.0,59596000000.0,3721000000.0,106165000000.0,30606000000.0,3342000000.0,7220000000.0,75559000000.0,48828000000.0,58525000000.0,23081000000.0,149506000000.0,923673300.0,3055000000.0,1093000000.0,282000000.0,-9906000000.0,-3132000000.0,1515000000.0,-98000000.0,,1704000000.0,8023000000.0,14752000000.0,2104000000.0,3878000000.0,1685000000.0,5919000000.0,412000000.0,1093000000.0,1873000000.0,1714000000.0,2285000000.0,3378000000.0,2.2,2.13,3.2864,923673300.0,912800000.0,0.1086509691687263,0.07656488429794266,0.08924066599394555,-0.16873861204161844,0.11550976138828634,0.14262472885032537,0.5438584598698482,0.9052146637914135,4.599670724838612,2773000000.0,0.18797451193058567,0.22898590021691975,5.546116504854369
2023-12-29,158.41,166.34,158.0,163.55,153.8319,87358302,0.0,129321000000.0,27705000000.0,7257000000.0,7257000000.0,1399000000.0,11204000000.0,101617000000.0,8481000000.0,11278000000.0,11278000000.0,59596000000.0,3721000000.0,106165000000.0,30606000000.0,3342000000.0,7220000000.0,75559000000.0,48828000000.0,58525000000.0,23081000000.0,149506000000.0,923673300.0,3055000000.0,1093000000.0,282000000.0,-9906000000.0,-3132000000.0,1515000000.0,-98000000.0,,1704000000.0,8023000000.0,14752000000.0,2104000000.0,3878000000.0,1685000000.0,5919000000.0,412000000.0,1093000000.0,1873000000.0,1714000000.0,2285000000.0,3378000000.0,2.2,2.13,3.2864,923673300.0,912800000.0,0.03147007647254063,0.04471609192012243,0.050993579944970974,0.11340837906052093,0.11550976138828634,0.14262472885032537,0.5438584598698482,0.9052146637914135,4.599670724838612,2773000000.0,0.18797451193058567,0.22898590021691975,5.546116504854369
2024-01-31,162.83,196.9,157.885,183.66,172.747,128121557,0.0,129321000000.0,27705000000.0,7257000000.0,7257000000.0,1399000000.0,11204000000.0,101617000000.0,8481000000.0,11278000000.0,11278000000.0,59596000000.0,3721000000.0,106165000000.0,30606000000.0,3342000000.0,7220000000.0,75559000000.0,48828000000.0,58525000000.0,23081000000.0,149506000000.0,923673300.0,3055000000.0,1093000000.0,282000000.0,-9906000000.0,-3132000000.0,1515000000.0,-98000000.0,,1704000000.0,8023000000.0,14752000000.0,2104000000.0,3878000000.0,1685000000.0,5919000000.0,412000000.0,1093000000.0,1873000000.0,1714000000.0,2285000000.0,3378000000.0,2.2,2.13,3.2864,923673300.0,912800000.0,0.12295954220158523,0.049213730805881484,0.21243057824240452,0.4666214208238617,0.11550976138828634,0.14262472885032537,0.5438584598698482,0.9052146637914135,4.599670724838612,2773000000.0,0.18797451193058567,0.22898590021691975,5.546116504854369
2024-02-29,183.63,188.95,178.75,185.03,175.6027,88679550,1.66,135241000000.0,32908000000.0,13068000000.0,13068000000.0,1161000000.0,13956000000.0,102333000000.0,,11036000000.0,11036000000.0,60178000000.0,373000000.0,112628000000.0,34122000000.0,4132000000.0,7246000000.0,78506000000.0,50121000000.0,59935000000.0,22533000000.0,151276000000.0,927300000.0,4463000000.0,1152000000.0,448000000.0,2836000000.0,-1615000000.0,1518000000.0,-64000000.0,,3288000000.0,10267000000.0,17380000000.0,3995000000.0,4250000000.0,1748000000.0,6271000000.0,405000000.0,1152000000.0,3759000000.0,3285000000.0,4164000000.0,5316000000.0,3.87,3.78,2.381,927324236.0,914668059.0,0.016531111973000945,0.05762017262589121,0.05512619575204015,-0.30784832719446265,0.18918296892980438,0.22986191024165709,0.5907364787111623,0.9644217806693629,4.998357963875205,4015000000.0,0.2310126582278481,0.3058688147295742,10.281481481481482
2024-03-28,185.49,199.18,185.18,190.96,181.2305,99921776,0.0,135241000000.0,32908000000.0,13068000000.0,13068000000.0,1161000000.0,13956000000.0,102333000000.0,,11036000000.0,11036000000.0,60178000000.0,373000000.0,112628000000.0,34122000000.0,4132000000.0,7246000000.0,78506000000.0,50121000000.0,59935000000.0,22533000000.0,151276000000.0,927300000.0,4463000000.0,1152000000.0,448000000.0,2836000000.0,-1615000000.0,1518000000.0,-64000000.0,,3288000000.0,10267000000.0,17380000000.0,3995000000.0,4250000000.0,1748000000.0,6271000000.0,405000000.0,1152000000.0,3759000000.0,3285000000.0,4164000000.0,5316000000.0,3.87,3.78,2.381,927324236.0,914668059.0,0.032048482170262904,0.057492927644447495,0.07331378299120234,0.12677360225666456,0.18918296892980438,0.22986191024165709,0.5907364787111623,0.9644217806693629,4.998357963875205,4015000000.0,0.2310126582278481,0.3058688147295742,10.281481481481482
2024-04-30,190.0,193.28,165.2605,166.2,157.7321,98297181,0.0,135241000000.0,32908000000.0,13068000000.0,13068000000.0,1161000000.0,13956000000.0,102333000000.0,,11036000000.0,11036000000.0,60178000000.0,373000000.0,112628000000.0,34122000000.0,4132000000.0,7246000000.0,78506000000.0,50121000000.0,59935000000.0,22533000000.0,151276000000.0,927300000.0,4463000000.0,1152000000.0,448000000.0,2836000000.0,-1615000000.0,1518000000.0,-64000000.0,,3288000000.0,10267000000.0,17380000000.0,3995000000.0,4250000000.0,1748000000.0,6271000000.0,405000000.0,1152000000.0,3759000000.0,3285000000.0,4164000000.0,5316000000.0,3.87,3.78,2.381,927324236.0,914668059.0,-0.12966029448685512,0.08922111535252497,0.16858904933814678,-0.016258668180597624,0.18918296892980438,0.22986191024165709,0.5907364787111623,0.9644217806693629,4.998357963875205,4015000000.0,0.2310126582278481,0.3058688147295742,10.281481481481482
2024-05-31,165.69,175.46,162.62,166.85,159.9394,78620355,1.67,137169000000.0,36663000000.0,14603000000.0,14603000000.0,1212000000.0,11678000000.0,100506000000.0,,10749000000.0,10749000000.0,59534000000.0,4512000000.0,113836000000.0,32397000000.0,3588000000.0,6255000000.0,81439000000.0,54033000000.0,62871000000.0,23261000000.0,151362000000.0,933400000.0,4168000000.0,1131000000.0,373000000.0,-4210000000.0,1877000000.0,1522000000.0,-199000000.0,,1605000000.0,7742000000.0,14461000000.0,1563000000.0,4086000000.0,1796000000.0,6179000000.0,432000000.0,1131000000.0,1074000000.0,1575000000.0,1506000000.0,2637000000.0,1.68,1.6,5.0,933400000.0,917200000.0,0.013993980933494132,0.08861174142421885,0.07695534911597246,-0.20017691046501118,0.11098817509162576,0.10808381163128414,0.5353709978563032,1.1316788591536253,4.893856669962599,3795000000.0,0.2624299840951525,0.18235253440287671,3.486111111111111
2024-06-28,166.54,178.4599,163.53,172.95,165.7867,70706301,0.0,137169000000.0,36663000000.0,14603000000.0,14603000000.0,1212000000.0,11678000000.0,100506000000.0,,10749000000.0,10749000000.0,59534000000.0,4512000000.0,113836000000.0,32397000000.0,3588000000.0,6255000000.0,81439000000.0,54033000000.0,62871000000.0,23261000000.0,151362000000.0,933400000.0,4168000000.0,1131000000.0,373000000.0,-4210000000.0,1877000000.0,1522000000.0,-199000000.0,,1605000000.0,7742000000.0,14461000000.0,1563000000.0,4086000000.0,1796000000.0,6179000000.0,432000000.0,1131000000.0,1074000000.0,1575000000.0,1506000000.0,2637000000.0,1.68,1.6,5.0,933400000.0,917200000.0,0.03655947189998199,0.0901616723510226,0.08632494940734319,-0.10066164163211933,0.11098817509162576,0.10808381163128414,0.5353709978563032,1.1316788591536253,4.893856669962599,3795000000.0,0.2624299840951525,0.18235253440287671,3.486111111111111
2024-07-31,173.45,196.26,173.38,192.14,184.1819,81258646,0.0,137169000000.0,36663000000.0,14603000000.0,14603000000.0,1212000000.0,11678000000.0,100506000000.0,,10749000000.0,10749000000.0,59534000000.0,4512000000.0,113836000000.0,32397000000.0,3588000000.0,6255000000.0,81439000000.0,54033000000.0,62871000000.0,23261000000.0,151362000000.0,933400000.0,4168000000.0,1131000000.0,373000000.0,-4210000000.0,1877000000.0,1522000000.0,-199000000.0,,1605000000.0,7742000000.0,14461000000.0,1563000000.0,4086000000.0,1796000000.0,6179000000.0,432000000.0,1131000000.0,1074000000.0,1575000000.0,1506000000.0,2637000000.0,1.68,1.6,5.0,933400000.0,917200000.0,0.11095703093191434,0.05073793984364575,0.11907983761840324,0.1492419324834997,0.11098817509162576,0.10808381163128414,0.5353709978563032,1.1316788591536253,4.893856669962599,3795000000.0,0.2624299840951525,0.18235253440287671,3.486111111111111
2024-08-30,192.81,202.17,181.81,202.13,195.4483,65453729,1.67,133848000000.0,33299000000.0,12210000000.0,12210000000.0,1234000000.0,11601000000.0,100548000000.0,,10251000000.0,10251000000.0,59416000000.0,1481000000.0,109744000000.0,29648000000.0,3631000000.0,4364000000.0,80097000000.0,52929000000.0,59839000000.0,24026000000.0,151659000000.0,934397595.0,2066000000.0,1155000000.0,444000000.0,2239000000.0,-4515000000.0,1536000000.0,-151000000.0,,1834000000.0,8950000000.0,15769000000.0,2434000000.0,4293000000.0,1840000000.0,6515000000.0,427000000.0,1155000000.0,2219000000.0,1830000000.0,2646000000.0,3801000000.0,2.43,2.17,11.9816,,,0.06116996295510013,0.037902122186872444,0.10072725473705034,-0.19450135804625635,0.11630414103621028,0.1543534783435855,0.5675692815016805,1.1231449001618996,4.5677183051694,1622000000.0,0.10286004185427104,0.2410425518422221,6.19672131147541
2024-09-30,201.91,224.15,199.335,221.08,213.7719,83415811,0.0,133848000000.0,33299000000.0,12210000000.0,12210000000.0,1234000000.0,11601000000.0,100548000000.0,,10251000000.0,10251000000.0,59416000000.0,1481000000.0,109744000000.0,29648000000.0,3631000000.0,4364000000.0,80097000000.0,52929000000.0,59839000000.0,24026000000.0,151659000000.0,934397595.0,2066000000.0,1155000000.0,444000000.0,2239000000.0,-4515000000.0,1536000000.0,-151000000.0,,1834000000.0,8950000000.0,15769000000.0,2434000000.0,4293000000.0,1840000000.0,6515000000.0,427000000.0,1155000000.0,2219000000.0,1830000000.0,2646000000.0,3801000000.0,2.43,2.17,11.9816,,,0.09375164685494841,0.02528617377380128,0.11224443640311198,0.27442412028197816,0.11630414103621028,0.1543534783435855,0.5675692815016805,1.1231449001618996,4.5677183051694,1622000000.0,0.10286004185427104,0.2410425518422221,6.19672131147541
2024-10-31,220.63,237.37,203.51,206.72,199.8865,105624376,0.0,133848000000.0,33299000000.0,12210000000.0,12210000000.0,1234000000.0,11601000000.0,100548000000.0,,10251000000.0,10251000000.0,59416000000.0,1481000000.0,109744000000.0,29648000000.0,3631000000.0,4364000000.0,80097000000.0,52929000000.0,59839000000.0,24026000000.0,151659000000.0,934397595.0,2066000000.0,1155000000.0,444000000.0,2239000000.0,-4515000000.0,1536000000.0,-151000000.0,,1834000000.0,8950000000.0,15769000000.0,2434000000.0,4293000000.0,1840000000.0,6515000000.0,427000000.0,1155000000.0,2219000000.0,1830000000.0,2646000000.0,3801000000.0,2.43,2.17,11.9816,,,-0.06495428070761389,0.0838216980746776,0.16379643962848303,0.26623927447039986,0.11630414103621028,0.1543534783435855,0.5675692815016805,1.1231449001618996,4.5677183051694,1622000000.0,0.10286004185427104,0.2410425518422221,6.19672131147541
2024-11-29,207.77,230.36,204.07,227.41,221.6341,77280587,1.67,134339000000.0,30543000000.0,13197000000.0,13197000000.0,1367000000.0,11574000000.0,103798000000.0,8969000000.0,11091000000.0,11091000000.0,61092000000.0,505000000.0,109809000000.0,28853000000.0,3274000000.0,4389000000.0,80956000000.0,52980000000.0,60126000000.0,24448000000.0,149789000000.0,923600000.0,2881000000.0,1268000000.0,424000000.0,-1587000000.0,-2765000000.0,1543000000.0,-189000000.0,,-330000000.0,8420000000.0,14967000000.0,2177000000.0,4032000000.0,1876000000.0,6242000000.0,429000000.0,1268000000.0,-802000000.0,-317000000.0,-373000000.0,895000000.0,2.3,2.23,3.139,923600000.0,923600000.0,0.10879974385463731,0.09626740337759243,0.11560617387098202,-0.2683451497976187,-0.0220485067147725,0.14545333066078706,0.5625709895102559,1.0585727653970125,4.49153304973822,2457000000.0,0.16416115453998797,0.059798222756731474,-0.8694638694638694
2024-12-31,227.5,239.35,217.6523,219.83,214.2467,81535689,0.0,134339000000.0,30543000000.0,13197000000.0,13197000000.0,1367000000.0,11574000000.0,103798000000.0,8969000000.0,11091000000.0,11091000000.0,61092000000.0,505000000.0,109809000000.0,28853000000.0,3274000000.0,4389000000.0,80956000000.0,52980000000.0,60126000000.0,24448000000.0,149789000000.0,923600000.0,2881000000.0,1268000000.0,424000000.0,-1587000000.0,-2765000000.0,1543000000.0,-189000000.0,,-330000000.0,8420000000.0,14967000000.0,2177000000.0,4032000000.0,1876000000.0,6242000000.0,429000000.0,1268000000.0,-802000000.0,-317000000.0,-373000000.0,895000000.0,2.3,2.23,3.139,923600000.0,923600000.0,-0.03333151351709862,0.09254886527166384,0.09870217895646634,0.055060425459759976,-0.0220485067147725,0.14545333066078706,0.5625709895102559,1.0585727653970125,4.49153304973822,2457000000.0,0.16416115453998797,0.059798222756731474,-0.8694638694638694
2025-01-31,221.82,261.8,214.61,255.7,249.2056,92424171,0.0,134339000000.0,30543000000.0,13197000000.0,13197000000.0,1367000000.0,11574000000.0,103798000000.0,8969000000.0,11091000000.0,11091000000.0,61092000000.0,505000000.0,109809000000.0,28853000000.0,3274000000.0,4389000000.0,80956000000.0,52980000000.0,60126000000.0,24448000000.0,149789000000.0,923600000.0,2881000000.0,1268000000.0,424000000.0,-1587000000.0,-2765000000.0,1543000000.0,-189000000.0,,-330000000.0,8420000000.0,14967000000.0,2177000000.0,4032000000.0,1876000000.0,6242000000.0,429000000.0,1268000000.0,-802000000.0,-317000000.0,-373000000.0,895000000.0,2.3,2.23,3.139,923600000.0,923600000.0,0.16317124137734673,0.10146500771697839,0.1845522096206492,0.13354252761634244,-0.0220485067147725,0.14545333066078706,0.5625709895102559,1.0585727653970125,4.49153304973822,2457000000.0,0.16416115453998797,0.059798222756731474,-0.8694638694638694
2025-02-28,252.4,265.72,246.54,252.44,247.6767,94123851,1.67,137175000000.0,34482000000.0,13947000000.0,13947000000.0,1289000000.0,14010000000.0,102694000000.0,8928000000.0,10661000000.0,10661000000.0,60706000000.0,644000000.0,109782000000.0,33142000000.0,4032000000.0,5857000000.0,76640000000.0,49884000000.0,58396000000.0,27307000000.0,151163000000.0,942400000.0,4330000000.0,1113000000.0,444000000.0,-1379000000.0,-1676000000.0,1546000000.0,-112000000.0,,2914000000.0,10439000000.0,17553000000.0,3901000000.0,4325000000.0,1967000000.0,6538000000.0,424000000.0,1113000000.0,3306000000.0,2927000000.0,3730000000.0,4843000000.0,3.92,3.78,3.7037,942444896.0,926171336.0,-0.00613509487748265,0.10647191598723811,0.0759784503248298,0.018389994539415477,0.16601150800432973,0.2222412123283769,0.5947131544465334,1.0404320801400035,4.020287838283224,3886000000.0,0.2213866575514157,0.27590725232154045,8.797169811320755
2025-03-31,254.735,266.45,237.224,248.66,243.968,100813990,0.0,137175000000.0,34482000000.0,13947000000.0,13947000000.0,1289000000.0,14010000000.0,102694000000.0,8928000000.0,10661000000.0,10661000000.0,60706000000.0,644000000.0,109782000000.0,33142000000.0,4032000000.0,5857000000.0,76640000000.0,49884000000.0,58396000000.0,27307000000.0,151163000000.0,942400000.0,4330000000.0,1113000000.0,444000000.0,-1379000000.0,-1676000000.0,1546000000.0,-112000000.0,,2914000000.0,10439000000.0,17553000000.0,3901000000.0,4325000000.0,1967000000.0,6538000000.0,424000000.0,1113000000.0,3306000000.0,2927000000.0,3730000000.0,4843000000.0,3.92,3.78,3.7037,942444896.0,926171336.0,-0.014973955967598207,0.10039793515346232,0.1175339821442934,0.07107804163261444,0.16601150800432973,0.2222412123283769,0.5947131544465334,1.0404320801400035,4.020287838283224,3886000000.0,0.2213866575514157,0.27590725232154045,8.797169811320755
2025-04-30,248.03,252.79,214.5,241.82,237.2571,120775331,0.0,137175000000.0,34482000000.0,13947000000.0,13947000000.0,1289000000.0,14010000000.0,102694000000.0,8928000000.0,10661000000.0,10661000000.0,60706000000.0,644000000.0,109782000000.0,33142000000.0,4032000000.0,5857000000.0,76640000000.0,49884000000.0,58396000000.0,27307000000.0,151163000000.0,942400000.0,4330000000.0,1113000000.0,444000000.0,-1379000000.0,-1676000000.0,1546000000.0,-112000000.0,,2914000000.0,10439000000.0,17553000000.0,3901000000.0,4325000000.0,1967000000.0,6538000000.0,424000000.0,1113000000.0,3306000000.0,2927000000.0,3730000000.0,4843000000.0,3.92,3.78,3.7037,942444896.0,926171336.0,-0.027507296038824736,0.010739188836470308,0.15834091472996442,0.19800169599477213,0.16601150800432973,0.2222412123283769,0.5947131544465334,1.0404320801400035,4.020287838283224,3886000000.0,0.2213866575514157,0.27590725232154045,8.797169811320755
2025-05-30,241.44,269.28,237.945,259.06,255.8853,78164014,1.68,145667000000.0,35336000000.0,11035000000.0,11035000000.0,1431000000.0,11882000000.0,110330000000.0,9065000000.0,12391000000.0,12391000000.0,66065000000.0,6430000000.0,118715000000.0,35106000000.0,3585000000.0,7711000000.0,83609000000.0,56371000000.0,66835000000.0,26880000000.0,150703000000.0,945400000.0,4370000000.0,1177000000.0,395000000.0,-12979000000.0,5443000000.0,1549000000.0,-284000000.0,,1055000000.0,8031000000.0,14541000000.0,1765000000.0,4023000000.0,1950000000.0,6266000000.0,455000000.0,1177000000.0,1158000000.0,1054000000.0,1613000000.0,2790000000.0,1.12,1.08,3.7037,945400000.0,928000000.0,0.07851482632131979,0.057933765998991034,0.12095653516559862,-0.3528147399571192,0.07255346950003438,0.12138092290764046,0.5523003919950484,1.0065515866233692,4.416480654761905,3975000000.0,0.27336496802145654,0.19187126057355064,3.545054945054945
2025-06-30,257.85,296.16,257.22,294.78,291.1676,74395935,0.0,145667000000.0,35336000000.0,11035000000.0,11035000000.0,1431000000.0,11882000000.0,110330000000.0,9065000000.0,12391000000.0,12391000000.0,66065000000.0,6430000000.0,118715000000.0,35106000000.0,3585000000.0,7711000000.0,83609000000.0,56371000000.0,66835000000.0,26880000000.0,150703000000.0,945400000.0,4370000000.0,1177000000.0,395000000.0,-12979000000.0,5443000000.0,1549000000.0,-284000000.0,,1055000000.0,8031000000.0,14541000000.0,1765000000.0,4023000000.0,1950000000.0,6266000000.0,455000000.0,1177000000.0,1158000000.0,1054000000.0,1613000000.0,2790000000.0,1.12,1.08,3.7037,945400000.0,928000000.0,0.1378832625398958,0.08378478234517453,0.1320985141461429,-0.0482073374583859,0.07255346950003438,0.12138092290764046,0.5523003919950484,1.0065515866233692,4.416480654761905,3975000000.0,0.27336496802145654,0.19187126057355064,3.545054945054945
2025-07-31,294.55,295.61,252.22,253.15,250.0477,109055173,0.0,145667000000.0,35336000000.0,11035000000.0,11035000000.0,1431000000.0,11882000000.0,110330000000.0,9065000000.0,12391000000.0,12391000000.0,66065000000.0,6430000000.0,118715000000.0,35106000000.0,3585000000.0,7711000000.0,83609000000.0,56371000000.0,66835000000.0,26880000000.0,150703000000.0,945400000.0,4370000000.0,1177000000.0,395000000.0,-12979000000.0,5443000000.0,1549000000.0,-284000000.0,,1055000000.0,8031000000.0,14541000000.0,1765000000.0,4023000000.0,1950000000.0,6266000000.0,455000000.0,1177000000.0,1158000000.0,1054000000.0,1613000000.0,2790000000.0,1.12,1.08,3.7037,945400000.0,928000000.0,-0.14122416092999357,0.14703218897760226,0.17140035552044247,0.46587542719908015,0.07255346950003438,0.12138092290764046,0.5523003919950484,1.0065515866233692,4.416480654761905,3975000000.0,0.27336496802145654,0.19187126057355064,3.545054945054945
2025-08-29,251.405,255.0,233.36,243.49,242.1739,104957357,1.68,148585000000.0,34253000000.0,11943000000.0,11943000000.0,1251000000.0,12747000000.0,114332000000.0,9258000000.0,12254000000.0,12254000000.0,67506000000.0,3504000000.0,120997000000.0,37726000000.0,3974000000.0,9765000000.0,83271000000.0,55219000000.0,67719000000.0,27509000000.0,151367000000.0,946700000.0,1701000000.0,1265000000.0,210000000.0,1698000000.0,-2854000000.0,1563000000.0,-153000000.0,,2194000000.0,9977000000.0,16977000000.0,3086000000.0,4322000000.0,2097000000.0,6890000000.0,510000000.0,1265000000.0,2597000000.0,2193000000.0,3109000000.0,4374000000.0,2.8,2.65,5.6604,,,-0.03148919186219268,0.14061160785564544,0.08887428641833334,-0.03757562238702794,0.12923366908169878,0.1817753431112682,0.5876774459562938,0.9079414727243811,4.398451415900251,1491000000.0,0.08782470401130942,0.2576426930553101,6.096078431372549
2025-09-30,240.9,288.85,238.25,282.16,280.6349,110277863,0.0,148585000000.0,34253000000.0,11943000000.0,11943000000.0,1251000000.0,12747000000.0,114332000000.0,9258000000.0,12254000000.0,12254000000.0,67506000000.0,3504000000.0,120997000000.0,37726000000.0,3974000000.0,9765000000.0,83271000000.0,55219000000.0,67719000000.0,27509000000.0,151367000000.0,946700000.0,1701000000.0,1265000000.0,210000000.0,1698000000.0,-2854000000.0,1563000000.0,-153000000.0,,2194000000.0,9977000000.0,16977000000.0,3086000000.0,4322000000.0,2097000000.0,6890000000.0,510000000.0,1265000000.0,2597000000.0,2193000000.0,3109000000.0,4374000000.0,2.8,2.65,5.6604,,,0.1588156279433912,0.15181214421379044,0.1793308760986675,0.0506920729720739,0.12923366908169878,0.1817753431112682,0.5876774459562938,0.9079414727243811,4.398451415900251,1491000000.0,0.08782470401130942,0.2576426930553101,6.096078431372549
2025-10-31,280.2,319.35,263.5623,307.41,305.7484,140510939,0.0,148585000000.0,34253000000.0,11943000000.0,11943000000.0,1251000000.0,12747000000.0,114332000000.0,9258000000.0,12254000000.0,12254000000.0,67506000000.0,3504000000.0,120997000000.0,37726000000.0,3974000000.0,9765000000.0,83271000000.0,55219000000.0,67719000000.0,27509000000.0,151367000000.0,946700000.0,1701000000.0,1265000000.0,210000000.0,1698000000.0,-2854000000.0,1563000000.0,-153000000.0,,2194000000.0,9977000000.0,16977000000.0,3086000000.0,4322000000.0,2097000000.0,6890000000.0,510000000.0,1265000000.0,2597000000.0,2193000000.0,3109000000.0,4374000000.0,2.8,2.65,5.6604,,,0.08948815703250013,0.09631349992751467,0.18147652971601452,0.2741536259185582,0.12923366908169878,0.1817753431112682,0.5876774459562938,0.9079414727243811,4.398451415900251,1491000000.0,0.08782470401130942,0.2576426930553101,6.096078431372549
2025-11-28,308.0,324.9,288.07,308.58,308.58,85897120,1.68,146312000000.0,32740000000.0,11569000000.0,11569000000.0,1397000000.0,12607000000.0,113572000000.0,9074000000.0,11729000000.0,11729000000.0,67396000000.0,3286000000.0,118322000000.0,35142000000.0,3867000000.0,8749000000.0,83180000000.0,55174000000.0,66569000000.0,27905000000.0,151581000000.0,948900000.0,3082000000.0,-2442000000.0,605000000.0,-438000000.0,-3012000000.0,1569000000.0,-414000000.0,,-3249000000.0,9591000000.0,16331000000.0,2660000000.0,4748000000.0,2082000000.0,6931000000.0,492000000.0,1283000000.0,2430000000.0,1744000000.0,2922000000.0,4205000000.0,2.65,2.45,8.1633,,,0.009261209543533155,0.07484337578037827,0.119353166115756,-0.3886801937890402,-0.1989467883166983,0.16288041148735533,0.5872879799154981,0.9316487394001479,4.240172012184196,2477000000.0,0.1516747290429245,0.2574857632723042,5.939024390243903
2025-12-31,306.505,315.3454,295.7,296.21,296.21,78385471,0.0,146312000000.0,32740000000.0,11569000000.0,11569000000.0,1397000000.0,12607000000.0,113572000000.0,9074000000.0,11729000000.0,11729000000.0,67396000000.0,3286000000.0,118322000000.0,35142000000.0,3867000000.0,8749000000.0,83180000000.0,55174000000.0,66569000000.0,27905000000.0,151581000000.0,948900000.0,3082000000.0,-2442000000.0,605000000.0,-438000000.0,-3012000000.0,1569000000.0,-414000000.0,,-3249000000.0,9591000000.0,16331000000.0,2660000000.0,4748000000.0,2082000000.0,6931000000.0,492000000.0,1283000000.0,2430000000.0,1744000000.0,2922000000.0,4205000000.0,2.65,2.45,8.1633,,,-0.04008684943936747,0.06539785461690328,0.06632254144019445,-0.08744936966454753,-0.1989467883166983,0.16288041148735533,0.5872879799154981,0.9316487394001479,4.240172012184196,2477000000.0,0.1516747290429245,0.2574857632723042,5.939024390243903
2026-01-08,297.56,304.31,289.0,302.72,302.72,19176626,0.0,146312000000.0,32740000000.0,11569000000.0,11569000000.0,1397000000.0,12607000000.0,113572000000.0,9074000000.0,11729000000.0,11729000000.0,67396000000.0,3286000000.0,118322000000.0,35142000000.0,3867000000.0,8749000000.0,83180000000.0,55174000000.0,66569000000.0,27905000000.0,151581000000.0,948900000.0,3082000000.0,-2442000000.0,605000000.0,-438000000.0,-3012000000.0,1569000000.0,-414000000.0,,-3249000000.0,9591000000.0,16331000000.0,2660000000.0,4748000000.0,2082000000.0,6931000000.0,492000000.0,1283000000.0,2430000000.0,1744000000.0,2922000000.0,4205000000.0,2.65,2.45,8.1633,,,0.02197765099085114,0.032784500967467906,0.050574788583509514,-0.7553548412052025,-0.1989467883166983,0.16288041148735533,0.5872879799154981,0.9316487394001479,4.240172012184196,2477000000.0,0.1516747290429245,0.2574857632723042,5.939024390243903
